%% This BibTeX bibliography file was created using BibDesk.
%% http://bibdesk.sourceforge.net/


%% Created for Diego Melgar at 2014-04-30 15:43:44 -0600 


%% Saved with string encoding Unicode (UTF-8) 



@article{blewitt1993,
	Author = {Blewitt, Geoffrey and Heflin, Michael B and Hurst, Kenneth J and Jefferson, David C and Webb, Frank H and Zumberge, James F},
	Date-Added = {2014-04-30 21:43:24 +0000},
	Date-Modified = {2014-04-30 21:43:30 +0000},
	Journal = {Nature},
	Number = {6410},
	Pages = {340--342},
	Title = {Absolute far-field displacements from the 28 June 1992 Landers earthquake sequence},
	Volume = {361},
	Year = {1993}}

@article{bock1993,
	Author = {Bock, Yehuda and Agnew, Duncan C and Fang, Peng and Genrich, Joachim F and Hager, Bradford H and Herring, Thomas A and Hudnut, Kenneth W and King, Robert W and Larsen, Shawn and Minster, J-Bernard and others},
	Date-Added = {2014-04-30 21:43:00 +0000},
	Date-Modified = {2014-04-30 21:43:37 +0000},
	Journal = {Nature},
	Number = {6410},
	Pages = {337--340},
	Publisher = {Nature Publishing Group},
	Title = {Detection of crustal deformation from the Landers earthquake sequence using continuous geodetic measurements},
	Volume = {361},
	Year = {1993}}

@article{hayes2011,
	Author = {Hayes, Gavin P and Earle, Paul S and Benz, Harley M and Wald, David J and Briggs, Richard W and others},
	Date-Added = {2014-04-30 21:40:31 +0000},
	Date-Modified = {2014-04-30 21:40:36 +0000},
	Journal = {Seismological Research Letters},
	Number = {4},
	Pages = {481--493},
	Publisher = {Seismological Society of America},
	Title = {88 Hours: The US Geological Survey National Earthquake Information Center Response to the 11 March 2011 Mw 9.0 Tohoku Earthquake},
	Volume = {82},
	Year = {2011}}

@article{duputel2012,
	Author = {Duputel, Zacharie and Rivera, Luis and Kanamori, Hiroo and Hayes, Gavin},
	Date-Added = {2014-04-30 21:30:39 +0000},
	Date-Modified = {2014-04-30 21:30:46 +0000},
	Journal = {Geophysical Journal International},
	Number = {2},
	Pages = {1125--1147},
	Publisher = {Wiley Online Library},
	Title = {W phase source inversion for moderate to large earthquakes (1990--2010)},
	Volume = {189},
	Year = {2012}}

@article{duputel2011,
	Author = {Duputel, Zacharie and Rivera, Luis and Kanamori, Hiroo and Hayes, Gavin P and Hirshorn, Barry and Weinstein, Stuart},
	Date-Added = {2014-04-30 21:29:57 +0000},
	Date-Modified = {2014-04-30 21:30:05 +0000},
	Journal = {Earth, planets and space},
	Number = {7},
	Pages = {535--539},
	Publisher = {Terra Scientific Publishing Company, Tokyo, 2003 Sansei Jiyugaoka Haimu Setagaya-Ku, Tokyo 158-0083 Japan},
	Title = {Real-time W phase inversion during the 2011 off the Pacific coast of Tohoku Earthquake},
	Volume = {63},
	Year = {2011}}

@article{hayes2009,
	Author = {Hayes, Gavin P and Rivera, Luis and Kanamori, Hiroo},
	Date-Added = {2014-04-30 21:29:07 +0000},
	Date-Modified = {2014-04-30 21:29:13 +0000},
	Journal = {Seismological Research Letters},
	Number = {5},
	Pages = {817--822},
	Publisher = {Seismological Society of America},
	Title = {Source inversion of the W-Phase: real-time implementation and extension to low magnitudes},
	Volume = {80},
	Year = {2009}}

@article{dreger1990,
	Author = {Dreger, Douglas S and Helmberger, Donald V},
	Date-Added = {2014-04-30 21:28:21 +0000},
	Date-Modified = {2014-04-30 21:28:27 +0000},
	Journal = {Bulletin of the Seismological Society of America},
	Number = {5},
	Pages = {1162--1179},
	Publisher = {Seismological Society of America},
	Title = {Broadband modeling of local earthquakes},
	Volume = {80},
	Year = {1990}}

@article{kanamori1993,
	Author = {Kanamori Hiroo},
	Date-Added = {2014-04-30 21:26:42 +0000},
	Date-Modified = {2014-04-30 21:27:25 +0000},
	Journal = {Geophysical Research Letters},
	Number = {16},
	Pages = {1691-1694},
	Title = {W-phase},
	Volume = {20},
	Year = {1993}}

@article{kanamori2008,
	Author = {Kanamori, Hiroo and Rivera, Luis},
	Date-Added = {2014-04-30 21:20:33 +0000},
	Date-Modified = {2014-04-30 21:25:09 +0000},
	Journal = {Geophysical Journal International},
	Number = {1},
	Pages = {222--238},
	Publisher = {Wiley Online Library},
	Title = {Source inversion of W phase: speeding up seismic tsunami warning},
	Volume = {175},
	Year = {2008}}

@article{dreger1993,
	Author = {Dreger, Douglas S and Helmberger, Donald V},
	Date-Added = {2014-04-30 21:19:22 +0000},
	Date-Modified = {2014-04-30 21:34:00 +0000},
	Journal = {Journal of Geophysical Research: Solid Earth (1978--2012)},
	Number = {B5},
	Pages = {8107--8125},
	Publisher = {Wiley Online Library},
	Title = {Determination of source parameters at regional distances with three-component sparse network data},
	Volume = {98},
	Year = {1993}}

@article{dziewonski1983,
	Author = {Dziewonski, Adam M and Woodhouse, John H},
	Date-Added = {2014-04-30 21:17:21 +0000},
	Date-Modified = {2014-04-30 21:18:03 +0000},
	Journal = {Journal of Geophysical Research: Solid Earth (1978--2012)},
	Number = {B4},
	Pages = {3247--3271},
	Publisher = {Wiley Online Library},
	Title = {An experiment in systematic study of global seismicity: Centroid-moment tensor solutions for 201 moderate and large earthquakes of 1981},
	Volume = {88},
	Year = {1983}}

@article{dziewonski1981,
	Author = {Dziewonski, AM and Chou, T A and Woodhouse, JH},
	Date-Added = {2014-04-30 21:16:31 +0000},
	Date-Modified = {2014-04-30 21:17:40 +0000},
	Journal = {Journal of Geophysical Research: Solid Earth (1978--2012)},
	Number = {B4},
	Pages = {2825--2852},
	Publisher = {Wiley Online Library},
	Title = {Determination of earthquake source parameters from waveform data for studies of global and regional seismicity},
	Volume = {86},
	Year = {1981}}

@article{dreger2003,
	Author = {Dreger, D},
	Date-Added = {2014-04-30 21:14:26 +0000},
	Date-Modified = {2014-04-30 21:15:23 +0000},
	Journal = {International Handbook of Earthquake and Engineering Seismology},
	Pages = {1627},
	Title = {TDMT_INV: Time Domain Seismic Moment Tensor INVersion, },
	Year = {2003}}

@book{havskov2010instrumentation,
	Author = {Havskov, Jens and Alguacil, Gerardo},
	Date-Added = {2014-04-30 21:10:56 +0000},
	Date-Modified = {2014-04-30 21:10:56 +0000},
	Publisher = {Springer},
	Title = {Instrumentation in earthquake seismology},
	Volume = {22},
	Year = {2010}}

@article{Brown2011,
	Author = {Brown, Holly M and Allen, Richard M and Hellweg, Margaret and Khainovski, Oleg and Neuhauser, Douglas and Souf, Adeline},
	Journal = {Soil Dynamics and Earthquake Engineering},
	Number = {2},
	Pages = {188-200},
	Title = {Development of the ElarmS methodology for earthquake early warning: Realtime application in California and offline testing in Japan},
	Volume = {31},
	Year = {2011}}

@article{simons2011,
	Author = {Simons, Mark and Minson, Sarah E and Sladen, Anthony and Ortega, Francisco and Jiang, Junle and Owen, Susan E and Meng, Lingsen and Ampuero, Jean-Paul and Wei, Shengji and Chu, Risheng},
	Journal = {science},
	Number = {6036},
	Pages = {1421-1425},
	Title = {The 2011 magnitude 9.0 Tohoku-Oki earthquake: Mosaicking the megathrust from seconds to centuries},
	Volume = {332},
	Year = {2011}}

@article{lee2009,
	Author = {Lee, V. W. and M. D. Trifunac},
	Date-Added = {2014-04-30 17:19:50 +0000},
	Date-Modified = {2014-04-30 17:20:59 +0000},
	Journal = {Bulletin of the Seismological Society America},
	Pages = {1378-1390},
	Title = {Empirical Scaling of Rotational Spectra of Strong Earthquake Ground Motion},
	Volume = {99},
	Year = {2009}}

@article{wei2011,
	Author = {Wei, Shengji and Fielding, Eric and Leprince, Sebastien and Sladen, Anthony and Avouac, Jean-Philippe and Helmberger, Don and Hauksson, Egill and Chu, Risheng and Simons, Mark and Hudnut, Kenneth and others},
	Date-Added = {2014-04-30 04:07:59 +0000},
	Date-Modified = {2014-04-30 04:08:06 +0000},
	Journal = {Nature geoscience},
	Number = {9},
	Pages = {615--618},
	Publisher = {Nature Publishing Group},
	Title = {Superficial simplicity of the 2010 El Mayor-Cucapah earthquake of Baja California in Mexico},
	Volume = {4},
	Year = {2011}}

@article{hauksson2011,
	Author = {Hauksson, Egill and Stock, Joann and Hutton, Kate and Yang, Wenzheng and Vidal-Villegas, J Antonio and Kanamori, Hiroo},
	Date-Added = {2014-04-30 04:06:44 +0000},
	Date-Modified = {2014-04-30 04:06:56 +0000},
	Journal = {Pure and applied geophysics},
	Number = {8-9},
	Pages = {1255--1277},
	Publisher = {Springer},
	Title = {The 2010 M w 7.2 El Mayor-Cucapah Earthquake Sequence, Baja California, Mexico and Southernmost California, USA: Active Seismotectonics along the Mexican Pacific Margin},
	Volume = {168},
	Year = {2011}}

@article{langbein2004,
	Author = {Langbein, John and Bock, Yehuda},
	Date-Added = {2014-04-30 04:04:06 +0000},
	Date-Modified = {2014-04-30 04:04:19 +0000},
	Journal = {Geophysical Research Letters},
	Number = {15},
	Title = {High-rate real-time GPS network at Parkfield: Utility for detecting fault slip and seismic displacements},
	Volume = {31},
	Year = {2004}}

@article{bock2000,
	Author = {Bock, Yehuda and Nikolaidis, Rosanne M and Jonge, Paul J and Bevis, Michael},
	Date-Added = {2014-04-29 00:48:42 +0000},
	Date-Modified = {2014-04-29 00:48:49 +0000},
	Journal = {Journal of Geophysical Research: Solid Earth (1978--2012)},
	Number = {B12},
	Pages = {28223--28253},
	Publisher = {Wiley Online Library},
	Title = {Instantaneous geodetic positioning at medium distances with the Global Positioning System},
	Volume = {105},
	Year = {2000}}

@article{moaveni2010,
	Author = {Moaveni, Babak and He, Xianfei and Conte, Joel P and Restrepo, Jos{\'e} I and Panagiotou, Marios},
	Date-Added = {2014-04-29 00:45:10 +0000},
	Date-Modified = {2014-04-29 00:45:29 +0000},
	Journal = {Journal of Structural Engineering},
	Number = {6},
	Pages = {705--717},
	Publisher = {American Society of Civil Engineers},
	Title = {System identification study of a 7-story full-scale building slice tested on the UCSD-NEES shake table},
	Volume = {137},
	Year = {2010}}

@book{panagiotou2008,
	Author = {Panagiotou, Marios},
	Date-Added = {2014-04-29 00:44:14 +0000},
	Date-Modified = {2014-04-29 00:45:39 +0000},
	Publisher = {University of California San Diego},
	Title = {Seismic design, testing and analysis of reinforced concrete wall buildings},
	Volume = {PhD Thesis},
	Year = {2008}}

@article{rauch1965,
	Author = {Rauch, Herbert E and Striebel, CT and Tung, F},
	Date-Added = {2014-04-28 23:18:36 +0000},
	Date-Modified = {2014-04-28 23:18:43 +0000},
	Journal = {AIAA journal},
	Number = {8},
	Pages = {1445--1450},
	Title = {Maximum likelihood estimates of linear dynamic systems},
	Volume = {3},
	Year = {1965}}

@article{kalman1960,
	Author = {Kalman, Rudolph Emil},
	Date-Added = {2014-04-28 18:58:54 +0000},
	Date-Modified = {2014-04-28 18:59:03 +0000},
	Journal = {Journal of basic Engineering},
	Number = {1},
	Pages = {35--45},
	Publisher = {American Society of Mechanical Engineers},
	Title = {A new approach to linear filtering and prediction problems},
	Volume = {82},
	Year = {1960}}

@book{lewis2008,
	Author = {Lewis, Frank L and Xie, Lihua and Popa, Dan},
	Date-Added = {2014-04-28 18:57:28 +0000},
	Date-Modified = {2014-04-28 18:57:34 +0000},
	Publisher = {CRC},
	Title = {Optimal and robust estimation: with an introduction to stochastic control theory},
	Volume = {26},
	Year = {2008}}

@article{emore2007,
	Author = {Emore, Gordon L and Haase, Jennifer S and Choi, Kyuhong and Larson, Kristine M and Yamagiwa, Atsushi},
	Date-Added = {2014-04-28 18:33:19 +0000},
	Date-Modified = {2014-04-28 18:33:27 +0000},
	Journal = {Bulletin of the Seismological Society of America},
	Number = {2},
	Pages = {357--378},
	Publisher = {Seismological Society of America},
	Title = {Recovering seismic displacements through combined use of 1-Hz GPS and strong-motion accelerometers},
	Volume = {97},
	Year = {2007}}

@article{smalley2009,
	Author = {Smalley, Robert},
	Date-Added = {2014-04-28 18:17:03 +0000},
	Date-Modified = {2014-04-28 18:17:10 +0000},
	Journal = {Seismological Research Letters},
	Number = {6},
	Pages = {1054--1061},
	Publisher = {Seismological Society of America},
	Title = {High-rate gps: How High do we need to go?},
	Volume = {80},
	Year = {2009}}

@article{genrich2006,
	Author = {Genrich, Joachim F and Bock, Yehuda},
	Date-Added = {2014-04-28 18:11:59 +0000},
	Date-Modified = {2014-04-28 18:12:09 +0000},
	Journal = {Journal of Geophysical Research: Solid Earth (1978--2012)},
	Number = {B3},
	Title = {Instantaneous geodetic positioning with 10--50 Hz GPS measurements: Noise characteristics and implications for monitoring networks},
	Volume = {111},
	Year = {2006}}

@article{tu2014,
	Author = {Tu, Rui and Wang, Rongjiang and Zhang, Yong and Walter, Thomas R},
	Date-Added = {2014-04-28 17:53:02 +0000},
	Date-Modified = {2014-04-28 17:53:15 +0000},
	Journal = {Geophysical Journal International},
	Pages = {ggu092},
	Publisher = {Oxford University Press},
	Title = {Application of a net-based baseline correction scheme to strong-motion records of the 2011 Mw 9.0 Tohoku earthquake},
	Year = {2014}}

@book{Havskov2010,
	Address = {New York, NY},
	Author = {Havskov, Jens and Ottemoller, Lars},
	Edition = {First},
	Publisher = {Springer},
	Title = {Routine Data Processing in Earthquake Seismology},
	Year = {2010}}

@book{Havskov2006,
	Address = {New York, NY},
	Author = {Havskov, Jens and Alguacil, Gerardo},
	Edition = {First},
	Pages = {365},
	Publisher = {Springer},
	Title = {Instrumentation in Earthquake Seismology},
	Year = {2006}}

@article{Agnew2007,
	Author = {Agnew, Duncan Carr and Larson, Kristine M},
	Journal = {GPS solutions},
	Number = {1},
	Pages = {71-76},
	Title = {Finding the repeat times of the GPS constellation},
	Volume = {11},
	Year = {2007}}

@article{Blewitt1989,
	Author = {Blewitt, Geoffrey},
	Journal = {Journal of Geophysical Research},
	Pages = {10187-10203},
	Title = {Carrier phase ambiguity resolution for the Global Positioning System applied to geodetic baselines up to 2000 kilometers},
	Volume = {94},
	Year = {1989}}

@article{Boore1999,
	Author = {Boore, David M},
	Journal = {U.S. Geol. Surv. Open-File Rept.},
	Number = {545},
	Pages = {1-37},
	Title = {Effect of baseline corrections on response spectra for two recordings of the 1999 Chi-Chi, Taiwan, earthquake},
	Volume = {99},
	Year = {1999}}

@article{Boore2001,
	Author = {Boore, David M},
	Journal = {Bulletin of the Seismological Society of America},
	Number = {5},
	Pages = {1199-1211},
	Title = {Effect of baseline corrections on displacements and response spectra for several recordings of the 1999 Chi-Chi, Taiwan, earthquake},
	Volume = {91},
	Year = {2001}}

@article{Boore2002,
	Author = {Boore, David M and Stephens, Christopher D and Joyner, William B},
	Journal = {Bulletin of the Seismological Society of America},
	Number = {4},
	Pages = {1543-1560},
	Title = {Comments on baseline correction of digital strong-motion data: Examples from the 1999 Hector Mine, California, earthquake},
	Volume = {92},
	Year = {2002}}

@article{Bock2004,
	Author = {Bock, Y and Prawirodirdjo, L and Melbourne, T.},
	Journal = {Geophysical Research Letters},
	Title = {Detection of arbitrarily large dynamic ground motions with a dense high-rate GPS network},
	Volume = {31},
	Year = {2004}}

@article{Boore2005,
	Author = {Boore, David M and Bommer, Julian J},
	Journal = {Soil Dynamics and Earthquake Engineering},
	Number = {2},
	Pages = {93-115},
	Title = {Processing of strong-motion accelerograms: needs, options and consequences},
	Volume = {25},
	Year = {2005}}

@article{Crowell2009,
	Author = {Crowell, Brendan W and Bock, Yehuda and Squibb, Melinda},
	Journal = {Seismological Research Letters},
	Pages = {772-782},
	Title = {Demonstration of earthquake early warning using total displacement waveforms from real time GPS networks},
	Volume = {80},
	Year = {2009}}

@article{Crowell2012,
	Author = {Crowell, Brendan W and Bock, Yehuda and Melgar, Diego},
	Journal = {Geophysical Research Letters},
	Number = {9},
	Title = {Real‐time inversion of GPS data for finite fault modeling and rapid hazard assessment},
	Volume = {39},
	Year = {2012}}

@article{Crowell2013,
	Author = {Crowell, Brendan W and Melgar, Diego and Bock, Yehuda and Haase, Jennifer S and Geng, Jianghui},
	Journal = {Geophysical Research Letters},
	Title = {Earthquake magnitude scaling using seismogeodetic data},
	Year = {2013}}

@article{Chao2010,
	Author = {Chao, Wei-An and Wu, Yih-Min and Zhao, Li},
	Journal = {Journal of seismology},
	Number = {3},
	Pages = {495-504},
	Title = {An automatic scheme for baseline correction of strong-motion records in coseismic deformation determination},
	Volume = {14},
	Year = {2010}}

@article{Dong1989,
	Author = {Dong, D and Bock, Y},
	Journal = {Journal of Geophysical Research},
	Pages = {3949-3966},
	Title = {Global Positioning System network analysis with phase ambiguity resolution applied to crustal deformation studies in California},
	Volume = {94},
	Year = {1989}}

@book{Geng2010,
	Address = {Nottingham, UK},
	Author = {Geng, Jianghui},
	Publisher = {PhD thesis, University of Nottingham},
	Title = {Rapid integer ambiguity resolution in GPS precise point positioning},
	Year = {2010}}

@article{Geng2013,
	Author = {Geng, Jianghui and Bock, Yehuda and Melgar, Diego and Crowell, Brendan W and Haase, Jennifer S},
	Journal = {Geochemistry, Geophysics, Geosystems},
	Title = {A new seismogeodetic approach applied to GPS and accelerometer observations of the 2012 Brawley seismic swarm: Implications for earthquake early warning},
	Year = {2013}}

@article{Geng2013b,
	Author = {Geng, Jianghui and Melgar, Diego and Bock, Yehuda and Pantoli, Elide and Restrepo, Jose},
	Journal = {Geophysical Research Letters},
	Number = {19},
	Pages = {5095-5100},
	Title = {Recovering coseismic point ground tilts from collocated high‐rate GPS and accelerometers},
	Volume = {40},
	Year = {2013}}

@article{Graizer1979,
	Author = {Graizer, Vladimir M},
	Journal = {Izvestiya Academy of Sciences, USSR, Physics of the Solid Earth},
	Number = {12},
	Pages = {875-885},
	Title = {Determination of the true ground displacement by using strong motion records},
	Volume = {15},
	Year = {1979}}

@article{Graizer2006,
	Author = {Graizer, Vladimir M},
	Journal = {Bulletin of the Seismological Society of America},
	Number = {6},
	Pages = {2090-2102},
	Title = {Tilts in strong ground motion},
	Volume = {96},
	Year = {2006}}

@article{Iwan1985,
	Author = {Iwan, Wilfred D and Moser, Michael A and Peng, Chia-Yen},
	Journal = {Bulletin of the Seismological Society of America},
	Number = {5},
	Pages = {1225-1246},
	Title = {Some observations on strong-motion earthquake measurement using a digital accelerograph},
	Volume = {75},
	Year = {1985}}

@article{Larson2003,
	Author = {Larson, Kristine M and Bodin, Paul and Gomberg, Joan},
	Journal = {Science},
	Number = {5624},
	Pages = {1421-1424},
	Title = {Using 1-Hz GPS data to measure deformations caused by the Denali fault earthquake},
	Volume = {300},
	Year = {2003}}

@article{Miyazaki2004,
	Author = {Miyazaki, S. and K. M. Larson and K. Choi and K. Hikima and K. Koketsu and P. Bodin and J. Haase and G. Emore and A. Yamagiwa},
	Journal = {Geophysical Research Letters},
	Number = {L21603},
	Title = {Modeling the rupture process of the 2003 September 25 Tokachi-Oki (Hokkaido) earthquake using 1-Hz GPS data},
	Volume = {31},
	Year = {2004}}

@article{Nikolaidis2001,
	Author = {Nikolaidis, Rosanne M and Bock, Yehuda and Jonge, Paul J and Shearer, Peter and Agnew, Duncan Carr and Van Domselaar, Matthijs},
	Journal = {Journal of Geophysical Research: Solid Earth (1978--2012)},
	Number = {B10},
	Pages = {21897-21916},
	Title = {Seismic wave observations with the Global Positioning System},
	Volume = {106},
	Year = {2001}}

@article{Pillet2007,
	Author = {Pillet, Robert and Virieux, Jean},
	Journal = {Geophysical Journal International},
	Number = {3},
	Pages = {1314-1323},
	Title = {The effects of seismic rotations on inertial sensors},
	Volume = {171},
	Year = {2007}}

@article{Smyth2007,
	Author = {Smyth, Andrew and Wu, Meiliang},
	Journal = {Mechanical Systems and Signal Processing},
	Number = {2},
	Pages = {706-723},
	Title = {Multi-rate Kalman filtering for the data fusion of displacement and acceleration response measurements in dynamic system monitoring},
	Volume = {21},
	Year = {2007}}

@article{Trifunac2001,
	Author = {Trifunac, M D and Todorovska, M I},
	Journal = {Soil Dynamics and Earthquake Engineering},
	Number = {4},
	Pages = {275 - 286},
	Title = {A note on the useable dynamic range of accelerographs recording translation},
	Volume = {21},
	Year = {2001}}

@article{Tsuda2006,
	Author = {Tsuda, K. and Steidl, J and Archuleta, R. and D. Assimaki},
	Journal = {Bulletin of the Seismological Society of America},
	Number = {4A},
	Pages = {1474-1482},
	Title = {Site-Response Estimation for the 2003 Miyagi-Oki Earthquake Sequence Considering Nonlinear Site Response},
	Volume = {96},
	Year = {2006}}

@article{Wang2011,
	Author = {Wang, Rongjiang and Schurr, Bernd and Milkereit, Claus and Shao, Zhigang and Jin, Mingpei},
	Journal = {Bulletin of the Seismological Society of America},
	Number = {5},
	Pages = {2029-2044},
	Title = {An improved automatic scheme for empirical baseline correction of digital strong-motion records},
	Volume = {101},
	Year = {2011}}

@article{Wang2013,
	Author = {Wang, R and Parolai, S and Ge, M and Jin, M and Walter, T R and Zschau, J},
	Journal = {Bulletin of the Seismological Society of America},
	Number = {2B},
	Pages = {1336-1347},
	Title = {The 2011 Mw 9.0 Tohoku Earthquake: Comparison of GPS and Strong Motion Data},
	Volume = {103},
	Year = {2013}}

@article{Wu2007,
	Author = {Wu, Yih-Min and Wu, Chien-Fu},
	Journal = {Journal of seismology},
	Number = {2},
	Pages = {159-170},
	Title = {Approximate recovery of coseismic deformation from Taiwan strong-motion records},
	Volume = {11},
	Year = {2007}}

@article{Zumberge1997,
	Author = {Zumberge, J. F. and Heflin, M B and Jefferson, D C and Watkins M M},
	Journal = {Journal of Geophysical Research},
	Pages = {5005--5017},
	Title = {Precise point positioning for the efficient and robust analysis of GPS data from large networks},
	Volume = {102},
	Year = {1997}}
