@article{Agnew2007,
   author = {Agnew, Duncan Carr and Larson, Kristine M},
   title = {Finding the repeat times of the GPS constellation},
   journal = {GPS solutions},
   volume = {11},
   number = {1},
   pages = {71-76},
   year = {2007}
}

@article{
   author = {Allen, Richard M and Gasparini, Paolo and Kamigaichi, Osamu and Böse, Maren},
   title = {The status of earthquake early warning around the world: An introductory overview},
   journal = {Seismological Research Letters},
   volume = {80},
   number = {5},
   pages = {682-693},
   year = {2009}
}

@article{
   author = {Allen, Richard M and Kanamori, Hiroo},
   title = {The potential for earthquake early warning in southern California},
   journal = {Science},
   volume = {300},
   number = {5620},
   pages = {786-789},
   year = {2003}
}

@article{
   author = {Allmendinger, Richard W and Reilinger, Robert and Loveless, Jack},
   title = {Strain and rotation rate from GPS in Tibet, Anatolia, and the Altiplano},
   journal = {Tectonics},
   volume = {26},
   number = {3},
   year = {2007}
}

@article{
   author = {Arcas, Diego and Segur, Harvey},
   title = {Seismically generated tsunamis},
   journal = {Philosophical Transactions of the Royal Society A: Mathematical, Physical and Engineering Sciences},
   volume = {370},
   number = {1964},
   pages = {1505-1542},
   year = {2012}
}

@article{
   author = {Argus, Donald F and Fu, Yuning and Landerer, Felix W},
   title = {Seasonal variation in total water storage in California inferred from GPS observations of vertical land motion},
   journal = {Geophysical Research Letters},
   year = {2014}
}

@article{
   author = {Argus, Donald F and Gordon, Richard G},
   title = {No‐net‐rotation model of current plate velocities incorporating plate motion model NUVEL‐1},
   journal = {Geophysical Research Letters},
   volume = {18},
   number = {11},
   pages = {2039-2042},
   year = {1991}
}

@article{
   author = {Argus, Donald F and Gordon, Richard G and Heflin, Michael B and Ma, Chopo and Eanes, Richard J and Willis, Pascal and Peltier, W Richard and Owen, Susan E},
   title = {The angular velocities of the plates and the velocity of Earth's centre from space geodesy},
   journal = {Geophysical Journal International},
   volume = {180},
   number = {3},
   pages = {913-960},
   year = {2010}
}

@article{
   author = {Argus, Donald F and Heflin, Michael B},
   title = {Plate motion and crustal deformation estimated with geodetic data from the Global Positioning System},
   journal = {Geophysical research letters},
   volume = {22},
   number = {15},
   pages = {1973-1976},
   year = {1995}
}

@article{
   author = {Avouac, Jean‐Philippe and Tapponnier, Paul},
   title = {Kinematic model of active deformation in central Asia},
   journal = {Geophysical Research Letters},
   volume = {20},
   number = {10},
   pages = {895-898},
   year = {1993}
}

@article{
   author = {Barbot, Sylvain and Fialko, Yuri and Bock, Yehuda},
   title = {Postseismic deformation due to the Mw 6.0 2004 Parkfield earthquake: Stress-driven creep on a fault with spatially variable rate-and-state friction parameters},
   journal = {Journal of Geophysical Research},
   volume = {114},
   number = {B7},
   pages = {B07405},
   year = {2009}
}

@article{
   author = {Barbot, Sylvain and Lapusta, Nadia and Avouac, Jean-Philippe},
   title = {Under the hood of the earthquake machine: toward predictive modeling of the seismic cycle},
   journal = {Science},
   volume = {336},
   number = {6082},
   pages = {707-710},
   year = {2012}
}

@article{
   author = {Beavan, J and Tregoning, P and Bevis, M and Kato, T and Meertens, C},
   title = {Motion and rigidity of the Pacific Plate and implications for plate boundary deformation},
   journal = {Journal of Geophysical Research: Solid Earth (1978–2012)},
   volume = {107},
   number = {B10},
   pages = {ETG 19-1-ETG 19-15},
   year = {2002}
}

@article{
   author = {Bell, John W and Amelung, Falk and Ferretti, Alessandro and Bianchi, Marco and Novali, Fabrizio},
   title = {Permanent scatterer InSAR reveals seasonal and long-term aquifer-system response to groundwater pumping and artificial recharge},
   journal = {Water Resources Research},
   volume = {44},
   number = {2},
   pages = {W02407},
   year = {2008}
}

@article{
   author = {Bell, John W and Amelung, Falk and Ramelli, Alan R and Blewitt, Geoff},
   title = {Land subsidence in Las Vegas, Nevada, 1935–2000: New geodetic data show evolution, revised spatial patterns, and reduced rates},
   journal = {Environmental & Engineering Geoscience},
   volume = {8},
   number = {3},
   pages = {155-174},
   year = {2002}
}

@article{
   author = {Bennett, RA and Wernicke, BP and Niemi, NA and Friedrich, AM and Davis, JL},
   title = {Contemporary strain rates in the northern Basin and Range province from GPS data},
   journal = {Tectonics},
   volume = {22},
   number = {2},
   year = {2003}
}

@article{
   author = {Bennett, RA and Wernicke, BP and Niemi, NA and Friedrich, AM and Davis, JL},
   title = {Contemporary strain rates in the northern Basin and Range province from GPS data},
   journal = {Tectonics},
   volume = {22},
   number = {2},
   year = {2003}
}

@article{
   author = {Bennett, Richard A},
   title = {Instantaneous deformation from continuous GPS: Contributions from quasi‐periodic loads},
   journal = {Geophysical Journal International},
   volume = {174},
   number = {3},
   pages = {1052-1064},
   year = {2008}
}

@article{
   author = {Beroza, Gregory C and Ellsworth, William L},
   title = {Properties of the seismic nucleation phase},
   journal = {Tectonophysics},
   volume = {261},
   number = {1},
   pages = {209-227},
   year = {1996}
}

@inbook{
   author = {Beutler, G and Weber, R and Hugentobler, U and Rothacher, M and Verdun, A},
   title = {GPS satellite orbits},
   booktitle = {GPS for Geodesy},
   publisher = {Springer},
   pages = {43-109},
   year = {1998}
}

@article{
   author = {Bevis, Michael and Brown, Abel},
   title = {Trajectory models and reference frames for crustal motion geodesy},
   journal = {Journal of Geodesy},
   pages = {1-29},
   year = {2014}
}

@article{
   author = {Bevis, Michael and Kendrick, Eric and Smalley, Robert and Brooks, Benjamin and Allmendinger, Richard and Isacks, Bryan},
   title = {On the strength of interplate coupling and the rate of back arc convergence in the central Andes: An analysis of the interseismic velocity field},
   journal = {Geochemistry, Geophysics, Geosystems},
   volume = {2},
   number = {11},
   year = {2001}
}

@article{
   author = {Bevis, Michael and Taylor, Fo W and Schutz, BE and Recy, Jacques and Isacks, BL and Helu, Saimone and Singh, Rajendra and Kendrick, Eric and Stowell, James and Taylor, Brian},
   title = {Geodetic observations of very rapid convergence and back-arc extension at the Tonga arc},
   journal = {Nature},
   volume = {374},
   number = {6519},
   pages = {249-251},
   year = {1995}
}

@article{
   author = {Biirgmann, Roland and Thatcher, Wayne},
   title = {Space geodesy: A revolution in crustal deformation measurements of tectonic processes},
   journal = {The Web of Geological Sciences: Advances, Impacts, and Interactions},
   volume = {500},
   pages = {397},
   year = {2013}
}

@article{
   author = {Bilham, Roger and Larson, Kristine and Freymueller, Jeffrey and Jouanne, F and LeFort, P and Leturmy, P and Mugnier, JL and Gamond, JF and Glot, JP and Martinod, J},
   title = {GPS measurements of present-day convergence across the Nepal Himalaya},
   journal = {Nature},
   volume = {386},
   number = {6620},
   pages = {61-64},
   year = {1997}
}

@article{
   author = {Blewitt, Geoffrey and Hammond, William C and Kreemer, Corné and Plag, Hans-Peter and Stein, Seth and Okal, Emile},
   title = {GPS for real-time earthquake source determination and tsunami warning systems},
   journal = {Journal of Geodesy},
   volume = {83},
   number = {3-4},
   pages = {335-343},
   year = {2009}
}

@article{
   author = {Blewitt, Geoffrey and Heflin, Michael B and Hurst, Kenneth J and Jefferson, David C and Webb, Frank H and Zumberge, James F},
   title = {Absolute far-field displacements from the 28 June 1992 Landers earthquake sequence},
   journal = {Nature},
   volume = {361},
   number = {6410},
   pages = {340-342},
   year = {1993}
}

@article{
   author = {Blewitt, Geoffrey and Kreemer, Corné and Hammond, William C and Plag, Hans‐Peter and Stein, Seth and Okal, Emile},
   title = {Rapid determination of earthquake magnitude using GPS for tsunami warning systems},
   journal = {Geophysical Research Letters},
   volume = {33},
   number = {11},
   year = {2006}
}

@article{
   author = {Bock, Yehuda and Abbot, Richard I and Counselman, Charles C and Gourevitch, Sergei A and King, Robert W},
   title = {Establishment of three‐dimensional geodetic control by interferometry with the Global Positioning System},
   journal = {Journal of Geophysical Research: Solid Earth (1978–2012)},
   volume = {90},
   number = {B9},
   pages = {7689-7703},
   year = {1985}
}

@article{
   author = {Bock, Yehuda and Agnew, Duncan C and Fang, Peng and Genrich, Joachim F and Hager, Bradford H and Herring, Thomas A and Hudnut, Kenneth W and King, Robert W and Larsen, Shawn and Minster, J-Bernard},
   title = {Detection of crustal deformation from the Landers earthquake sequence using continuous geodetic measurements},
   journal = {Nature},
   volume = {361},
   number = {6410},
   pages = {337-340},
   year = {1993}
}

@article{
   author = {Bock, Yehuda and Melgar, Diego and Crowell, Brendan W},
   title = {Real-time strong-motion broadband displacements from collocated GPS and accelerometers},
   journal = {Bulletin of the Seismological Society of America},
   volume = {101},
   number = {6},
   pages = {2904-2925},
   year = {2011}
}

@article{
   author = {Bock, Yehuda and Nikolaidis, Rosanne M and Jonge, Paul J and Bevis, Michael},
   title = {Instantaneous geodetic positioning at medium distances with the Global Positioning System},
   journal = {Journal of Geophysical Research: Solid Earth (1978–2012)},
   volume = {105},
   number = {B12},
   pages = {28223-28253},
   year = {2000}
}

@article{
   author = {Bock, Y and Prawirodirdjo, L and Genrich, JF and Stevens, CW and McCaffrey, R and Subarya, C and Puntodewo, SSO and Calais, E},
   title = {Crustal motion in Indonesia from global positioning system measurements},
   journal = {Journal of Geophysical Research: Solid Earth (1978–2012)},
   volume = {108},
   number = {B8},
   year = {2003}
}

@article{
   author = {Bock, Yehuda and Wdowinski, S and Fang, Peng and Zhang, J and Williams, S and Johnson, H and Behr, Jeff and Genrich, J and Dean, J and Van Domselaar, M},
   title = {Southern California Permanent GPS Geodetic Array: Continuous measurements of regional crustal deformation between the 1992 Landers and 1994 Northridge earthquakes},
   journal = {Journal of Geophysical Research},
   volume = {102},
   number = {B8},
   pages = {18013-18,033},
   year = {1997}
}

@article{
   author = {Böhm, Johannes and Niell, Arthur and Tregoning, Paul and Schuh, Harald},
   title = {Global Mapping Function (GMF): A new empirical mapping function based on numerical weather model data},
   journal = {Geophysical Research Letters},
   volume = {33},
   number = {7},
   year = {2006}
}

@article{
   author = {Bonaccorso, A and Calvari, S and Garfì, G and Lodato, L and Patanè, D},
   title = {Dynamics of the December 2002 flank failure and tsunami at Stromboli volcano inferred by volcanological and geophysical observations},
   journal = {Geophysical Research Letters},
   volume = {30},
   number = {18},
   pages = {1941},
   year = {2003}
}

@article{
   author = {Boore, David M},
   title = {Effect of baseline corrections on displacements and response spectra for several recordings of the 1999 Chi-Chi, Taiwan, earthquake},
   journal = {Bulletin of the Seismological Society of America},
   volume = {91},
   number = {5},
   pages = {1199-1211},
   year = {2001}
}

@article{
   author = {Boore, David M and Bommer, Julian J},
   title = {Processing of strong-motion accelerograms: needs, options and consequences},
   journal = {Soil Dynamics and Earthquake Engineering},
   volume = {25},
   number = {2},
   pages = {93-115},
   year = {2005}
}

@article{
   author = {Boore, David M and Stephens, Christopher D and Joyner, William B},
   title = {Comments on baseline correction of digital strong-motion data: Examples from the 1999 Hector Mine, California, earthquake},
   journal = {Bulletin of the Seismological Society of America},
   volume = {92},
   number = {4},
   pages = {1543-1560},
   year = {2002}
}

@article{
   author = {Bossler, John D and Goad, Clyde C and Bender, Peter L},
   title = {Using the Global Positioning System (GPS) for geodetic positioning},
   journal = {Bulletin géodesique},
   volume = {54},
   number = {4},
   pages = {553-563},
   year = {1980}
}

@article{
   author = {Bourne, SJ and England, PC and Parsons, B},
   title = {The motion of crustal blocks driven by flow of the lower lithosphere and implications for slip rates of continental strike-slip faults},
   journal = {Nature},
   volume = {391},
   number = {6668},
   pages = {655-659},
   year = {1998}
}

@article{
   author = {Brooks, Benjamin A and Bevis, Michael and Smalley, Robert and Kendrick, Eric and Manceda, René and Lauría, Eduardo and Maturana, Rodrigo and Araujo, Mario},
   title = {Crustal motion in the Southern Andes (26–36 S): Do the Andes behave like a microplate?},
   journal = {Geochemistry, Geophysics, Geosystems},
   volume = {4},
   number = {10},
   year = {2003}
}

@article{
   author = {Brown, Holly M and Allen, Richard M and Hellweg, Margaret and Khainovski, Oleg and Neuhauser, Douglas and Souf, Adeline},
   title = {Development of the ElarmS methodology for earthquake early warning: Realtime application in California and offline testing in Japan},
   journal = {Soil Dynamics and Earthquake Engineering},
   volume = {31},
   number = {2},
   pages = {188-200},
   year = {2011}
}

@article{
   author = {Byerlee, James},
   title = {Friction of rocks},
   journal = {Pure and applied Geophysics},
   volume = {116},
   number = {4-5},
   pages = {615-626},
   year = {1978}
}

@article{
   author = {Calais, E and Han, JY and DeMets, C and Nocquet, JM},
   title = {Deformation of the North American plate interior from a decade of continuous GPS measurements},
   journal = {Journal of Geophysical Research: Solid Earth (1978–2012)},
   volume = {111},
   number = {B6},
   year = {2006}
}

@article{
   author = {Cardozo, Nestor and Allmendinger, Richard W},
   title = {SSPX: A program to compute strain from displacement/velocity data},
   journal = {Computers & Geosciences},
   volume = {35},
   number = {6},
   pages = {1343-1357},
   year = {2009}
}

@article{
   author = {Cervelli, Peter and Segall, Paul and Johnson, Kaj and Lisowski, Michael and Miklius, Asta},
   title = {Sudden aseismic fault slip on the south flank of Kilauea volcano},
   journal = {Nature},
   volume = {415},
   number = {6875},
   pages = {1014-1018},
   year = {2002}
}

@article{
   author = {Chao, Wei-An and Wu, Yih-Min and Zhao, Li},
   title = {An automatic scheme for baseline correction of strong-motion records in coseismic deformation determination},
   journal = {Journal of seismology},
   volume = {14},
   number = {3},
   pages = {495-504},
   year = {2010}
}

@article{
   author = {Chase, CG},
   title = {The N plate problem of plate tectonics},
   journal = {Geophysical Journal of the Royal Astronomical Society},
   volume = {29},
   number = {2},
   pages = {117-122},
   year = {1972}
}

@article{
   author = {Chase, Clement G},
   title = {Plate kinematics: The Americas, East Africa, and the rest of the world},
   journal = {Earth and planetary science letters},
   volume = {37},
   number = {3},
   pages = {355-368},
   year = {1978}
}

@article{
   author = {Chinnery, MA},
   title = {The deformation of the ground around surface faults},
   journal = {Bulletin of the Seismological Society of America},
   volume = {51},
   number = {3},
   pages = {355-372},
   year = {1961}
}

@article{
   author = {Choi, Kyuhong and Bilich, Andria and Larson, Kristine M and Axelrad, Penina},
   title = {Modified sidereal filtering: Implications for high-rate GPS positioning},
   journal = {Geophysical research letters},
   volume = {31},
   number = {22},
   pages = {L22608},
   year = {2004}
}

@article{
   author = {Choi, Kyuhong and Bilich, Andria and Larson, Kristine M and Axelrad, Penina},
   title = {Modified sidereal filtering: Implications for high‐rate GPS positioning},
   journal = {Geophysical research letters},
   volume = {31},
   number = {22},
   year = {2004}
}

@article{
   author = {Christodoulidis, DC and Smith, DE and Kolenkiewicz, R and Klosko, SM and Torrence, MH and Dunn, PJ},
   title = {Observing tectonic plate motions and deformations from satellite laser ranging},
   journal = {Journal of Geophysical Research: Solid Earth (1978–2012)},
   volume = {90},
   number = {B11},
   pages = {9249-9263},
   year = {1985}
}

@article{
   author = {Chuang, Ray Y and Johnson, Kaj M},
   title = {Reconciling geologic and geodetic model fault slip-rate discrepancies in Southern California: Consideration of nonsteady mantle flow and lower crustal fault creep},
   journal = {Geology},
   volume = {39},
   number = {7},
   pages = {627-630},
   year = {2011}
}

@article{
   author = {Cohee, Brian P and Beroza, Gregory C},
   title = {Slip distribution of the 1992 Landers earthquake and its implications for earthquake source mechanics},
   journal = {Bulletin of the Seismological Society of America},
   volume = {84},
   number = {3},
   pages = {692-712},
   year = {1994}
}

@article{
   author = {Cohee, Brian P and Beroza, Gregory C},
   title = {A comparison of two methods for earthquake source inversion using strong motion seismograms},
   journal = {Annals of Geophysics},
   volume = {37},
   number = {6},
   year = {1994}
}

@article{
   author = {Colombelli, Simona and Allen, Richard M and Zollo, Aldo},
   title = {Application of real‐time GPS to earthquake early warning in subduction and strike‐slip environments},
   journal = {Journal of Geophysical Research: Solid Earth},
   volume = {118},
   number = {7},
   pages = {3448-3461},
   year = {2013}
}

@article{
   author = {Counselman, Charles C and Gourevitch, Sergei A},
   title = {Miniature interferometer terminals for earth surveying: ambiguity and multipath with Global Positioning System},
   journal = {Geoscience and Remote Sensing, IEEE Transactions on},
   number = {4},
   pages = {244-252},
   year = {1981}
}

@article{
   author = {Crowell, Brendan W and Bock, Yehuda and Melgar, Diego},
   title = {Real‐time inversion of GPS data for finite fault modeling and rapid hazard assessment},
   journal = {Geophysical Research Letters},
   volume = {39},
   number = {9},
   year = {2012}
}

@article{
   author = {Crowell, Brendan W and Melgar, Diego and Bock, Yehuda and Haase, Jennifer S and Geng, Jianghui},
   title = {Earthquake magnitude scaling using seismogeodetic data},
   journal = {Geophysical Research Letters},
   year = {2013}
}

@article{
   author = {Davis, JL and Bennett, RA and Wernicke, BP},
   title = {Assessment of GPS velocity accuracy for the Basin and Range Geodetic Network (BARGEN)},
   journal = {Geophysical research letters},
   volume = {30},
   number = {7},
   year = {2003}
}

@article{
   author = {Davis, JL and Herring, TA and Shapiro, II and Rogers, AEE and Elgered, Gunnar},
   title = {Geodesy by radio interferometry: Effects of atmospheric modeling errors on estimates of baseline length},
   journal = {Radio science},
   volume = {20},
   number = {6},
   pages = {1593-1607},
   year = {1985}
}

@article{
   author = {Davis, James Louis},
   title = {Atmospheric propagation effects on radio interferometry},
   journal = {NASA STI/Recon Technical Report N},
   volume = {87},
   pages = {23855},
   year = {1986}
}

@article{
   author = {Davis, James L and Wernicke, Brian P and Tamisiea, Mark E},
   title = {On seasonal signals in geodetic time series},
   journal = {Journal of Geophysical Research: Solid Earth (1978–2012)},
   volume = {117},
   number = {B1},
   year = {2012}
}

@article{
   author = {DeMets, Charles and Dixon, Timothy H},
   title = {New kinematic models for Pacific‐North America motion from 3 Ma to present, I: Evidence for steady motion and biases in the NUVEL‐1A Model},
   journal = {Geophysical Research Letters},
   volume = {26},
   number = {13},
   pages = {1921-1924},
   year = {1999}
}

@article{
   author = {DeMets, Charles and Gordon, R Go and Argus, DF and Stein, Seth},
   title = {Current plate motions},
   journal = {Geophysical journal international},
   volume = {101},
   number = {2},
   pages = {425-478},
   year = {1990}
}

@article{
   author = {DeMets, Charles and Gordon, Richard G and Argus, Donald F},
   title = {Geologically current plate motions},
   journal = {Geophysical Journal International},
   volume = {181},
   number = {1},
   pages = {1-80},
   year = {2010}
}

@article{
   author = {DeMets, Charles and Gordon, Richard G and Argus, Donald F and Stein, Seth},
   title = {Effect of recent revisions to the geomagnetic reversal time scale on estimates of current plate motions},
   journal = {Geophysical research letters},
   volume = {21},
   number = {20},
   pages = {2191-2194},
   year = {1994}
}

@article{
   author = {Dieterich, JH},
   title = {Preseismic fault slip and earthquake prediction},
   journal = {Journal of Geophysical Research},
   volume = {83},
   number = {B8},
   pages = {3940-3948},
   year = {1978}
}

@article{
   author = {Dixon, Timothy H and Miller, Meghan and Farina, Frederic and Wang, Hongzhi and Johnson, Daniel},
   title = {Present‐day motion of the Sierra Nevada block and some tectonic implications for the Basin and Range province, North American Cordillera},
   journal = {Tectonics},
   volume = {19},
   number = {1},
   pages = {1-24},
   year = {2000}
}

@article{
   author = {Dong, D and Fang, P and Bock, Y and Cheng, MK and Miyazaki, S},
   title = {Anatomy of apparent seasonal variations from GPS-derived site position time series},
   journal = {Journal of Geophysical Research},
   volume = {107},
   number = {B4},
   pages = {2075},
   year = {2002}
}

@article{
   author = {Dong, D and Fang, P and Bock, Y and Webb, F and Prawirodirdjo, L and Kedar, S and Jamason, P},
   title = {Spatiotemporal filtering using principal component analysis and Karhunen‐Loeve expansion approaches for regional GPS network analysis},
   journal = {Journal of Geophysical Research: Solid Earth (1978–2012)},
   volume = {111},
   number = {B3},
   year = {2006}
}

@article{
   author = {Douglas, A and Beavan, J and Wallace, L and Townend, J},
   title = {Slow slip on the northern Hikurangi subduction interface, New Zealand},
   journal = {Geophysical Research Letters},
   volume = {32},
   number = {16},
   year = {2005}
}

@article{
   author = {Duputel, Zacharie and Rivera, Luis and Kanamori, Hiroo and Hayes, Gavin P and Hirshorn, Barry and Weinstein, Stuart},
   title = {Real-time W phase inversion during the 2011 off the Pacific coast of Tohoku Earthquake},
   journal = {Earth, planets and space},
   volume = {63},
   number = {7},
   pages = {535-539},
   year = {2011}
}

@article{
   author = {Dziewonski, AM and Chou, T‐A and Woodhouse, JH},
   title = {Determination of earthquake source parameters from waveform data for studies of global and regional seismicity},
   journal = {Journal of Geophysical Research: Solid Earth (1978–2012)},
   volume = {86},
   number = {B4},
   pages = {2825-2852},
   year = {1981}
}

@article{
   author = {Dziewonski, Adam M and Anderson, Don L},
   title = {Preliminary reference Earth model},
   journal = {Physics of the earth and planetary interiors},
   volume = {25},
   number = {4},
   pages = {297-356},
   year = {1981}
}

@article{
   author = {Ekström, G and Nettles, M and Dziewoński, AM},
   title = {The global CMT project 2004–2010: Centroid-moment tensors for 13,017 earthquakes},
   journal = {Physics of the Earth and Planetary Interiors},
   volume = {200},
   pages = {1-9},
   year = {2012}
}

@article{
   author = {Ellsworth, WL and Beroza, GC},
   title = {Seismic evidence for an earthquake nucleation phase},
   journal = {SCIENCE-NEW YORK THEN WASHINGTON-},
   pages = {851-851},
   year = {1995}
}

@article{
   author = {Elósegui, Pl and Davis, JL and Jaldehag, RTK and Johansson, JM and Niell, AE and Shapiro, II},
   title = {Geodesy using the Global Positioning System: The effects of signal scattering on estimates of site position},
   journal = {Journal of Geophysical Research: Solid Earth (1978–2012)},
   volume = {100},
   number = {B6},
   pages = {9921-9934},
   year = {1995}
}

@article{
   author = {Emore, Gordon L and Haase, Jennifer S and Choi, Kyuhong and Larson, Kristine M and Yamagiwa, Atsushi},
   title = {Recovering seismic displacements through combined use of 1-Hz GPS and strong-motion accelerometers},
   journal = {Bulletin of the Seismological Society of America},
   volume = {97},
   number = {2},
   pages = {357-378},
   year = {2007}
}

@article{
   author = {England, Philip and McKenzie, Dan},
   title = {A thin viscous sheet model for continental deformation},
   journal = {Geophysical Journal of the Royal Astronomical Society},
   volume = {70},
   number = {2},
   pages = {295-321},
   year = {1982}
}

@article{
   author = {England, Philip and McKenzie, Dan},
   title = {A thin viscous sheet model for continental deformation},
   journal = {Geophysical Journal of the Royal Astronomical Society},
   volume = {70},
   number = {2},
   pages = {295-321},
   year = {1982}
}

@article{
   author = {England, Philip and Molnar, Peter},
   title = {Late Quaternary to decadal velocity fields in Asia},
   journal = {Journal of Geophysical Research: Solid Earth (1978–2012)},
   volume = {110},
   number = {B12},
   year = {2005}
}

@article{
   author = {Espinosa Aranda, JM and Jimenez, A and Ibarrola, G and Alcantar, F and Aguilar, A and Inostroza, M and Maldonado, S},
   title = {Mexico City seismic alert system},
   journal = {Seismological Research Letters},
   volume = {66},
   number = {6},
   pages = {42-53},
   year = {1995}
}

@article{
   author = {Espinosa-Aranda, JM and Rodriquez, FH},
   title = {76 The seismic alert system of Mexico City},
   journal = {International Geophysics},
   volume = {81},
   pages = {1253-1259},
   year = {2003}
}

@article{
   author = {Falck, C and Ramatschi, M and Subarya, C and Bartsch, M and Merx, A and Hoeberechts, J and Schmidt, G},
   title = {Near real-time GPS applications for tsunami early warning systems},
   journal = {Natural Hazards and Earth System Science},
   volume = {10},
   number = {2},
   pages = {181-189},
   year = {2010}
}

@article{
   author = {Fay, Noah P and Humphreys, Eugene D},
   title = {Fault slip rates, effects of elastic heterogeneity on geodetic data, and the strength of the lower crust in the Salton Trough region, southern California},
   journal = {Journal of Geophysical Research},
   volume = {110},
   number = {B9},
   pages = {B09401},
   year = {2005}
}

@article{
   author = {Feigl, Kurt L and Agnew, Duncan C and Bock, Yehuda and Dong, Danan and Donnellan, Andrea and Hager, Bradford H and Herring, Thomas A and Jackson, David D and Jordan, Thomas H and King, Robert W},
   title = {Space geodetic measurement of crustal deformation in central and southern California, 1984–1992},
   journal = {Journal of Geophysical Research: Solid Earth (1978–2012)},
   volume = {98},
   number = {B12},
   pages = {21677-21712},
   year = {1993}
}

@article{
   author = {Feigl, Kurt L and Dupré, Emmeline},
   title = {RNGCHN: a program to calculate displacement components from dislocations in an elastic half-space with applications for modeling geodetic measurements of crustal deformation},
   journal = {Computers & Geosciences},
   volume = {25},
   number = {6},
   pages = {695-704},
   year = {1999}
}

@article{
   author = {Ferretti, Alessandro and Prati, Claudio and Rocca, Fabio},
   title = {Permanent scatterers in SAR interferometry},
   journal = {Geoscience and Remote Sensing, IEEE Transactions on},
   volume = {39},
   number = {1},
   pages = {8-20},
   year = {2001}
}

@article{
   author = {Fialko, Yuri},
   title = {Evidence of fluid‐filled upper crust from observations of postseismic deformation due to the 1992 Mw7. 3 Landers earthquake},
   journal = {Journal of Geophysical Research: Solid Earth (1978–2012)},
   volume = {109},
   number = {B8},
   year = {2004}
}

@article{
   author = {Fialko, Yuri},
   title = {Interseismic strain accumulation and the earthquake potential on the southern San Andreas fault system},
   journal = {Nature},
   volume = {441},
   number = {7096},
   pages = {968-971},
   year = {2006}
}

@article{
   author = {Flesch, Lucy M and Holt, William E and Haines, A John and Shen-Tu, Bingming},
   title = {Dynamics of the Pacific-North American plate boundary in the western United States},
   journal = {Science},
   volume = {287},
   number = {5454},
   pages = {834-836},
   year = {2000}
}

@article{
   author = {Freed, Andrew M and Bürgmann, Roland},
   title = {Evidence of power-law flow in the Mojave desert mantle},
   journal = {Nature},
   volume = {430},
   number = {6999},
   pages = {548-551},
   year = {2004}
}

@article{
   author = {Freed, Andrew M and Lin, Jian},
   title = {Delayed triggering of the 1999 Hector Mine earthquake by viscoelastic stress transfer},
   journal = {Nature},
   volume = {411},
   number = {6834},
   pages = {180-183},
   year = {2001}
}

@article{
   author = {Galloway, Devin L and Hudnut, KW and Ingebritsen, SE and Phillips, SP and Peltzer, G and Rogez, F and Rosen, PA},
   title = {Detection of aquifer system compaction and land subsidence using interferometric synthetic aperture radar, Antelope Valley, Mojave Desert, California},
   journal = {Water Resources Research},
   volume = {34},
   number = {10},
   pages = {2573-2585},
   year = {1998}
}

@article{
   author = {Galloway, Devin L and Hudnut, KW and Ingebritsen, SE and Phillips, SP and Peltzer, G and Rogez, F and Rosen, PA},
   title = {Detection of aquifer system compaction and land subsidence using interferometric synthetic aperture radar, Antelope Valley, Mojave Desert, California},
   journal = {Water Resources Research},
   volume = {34},
   number = {10},
   pages = {2573-2585},
   year = {1998}
}

@book{
   author = {Gasparini, Paolo and Manfredi, Gaetano and Zschau, Jochen},
   title = {Earthquake early warning systems},
   publisher = {Springer},
   year = {2007}
}

@article{
   author = {Geng, Jianghui and Bock, Yehuda and Melgar, Diego and Crowell, Brendan W and Haase, Jennifer S and Cecil, H and Ida, M},
   title = {A new seismogeodetic approach applied to GPS and accelerometer observations of the 2012 Brawley seismic swarm: Implications for earthquake early warning},
   journal = {Geochemistry, Geophysics, Geosystems},
   year = {2013}
}

@article{
   author = {Geng, Jianghui and Melgar, Diego and Bock, Yehuda and Pantoli, Elide and Restrepo, José},
   title = {Recovering coseismic point ground tilts from collocated high‐rate GPS and accelerometers},
   journal = {Geophysical Research Letters},
   volume = {40},
   number = {19},
   pages = {5095-5100},
   year = {2013}
}

@article{
   author = {Genrich, Joachim F and Bock, Yehuda},
   title = {Rapid resolution of crustal motion at short ranges with the Global Positioning System},
   journal = {Journal of Geophysical Research: Solid Earth (1978–2012)},
   volume = {97},
   number = {B3},
   pages = {3261-3269},
   year = {1992}
}

@article{
   author = {González, Frank I and Bernard, Eddie N and Meinig, Christian and Eble, Marie C and Mofjeld, Harold O and Stalin, Scott},
   title = {The NTHMP tsunameter network},
   journal = {Natural Hazards},
   volume = {35},
   number = {1},
   pages = {25-39},
   year = {2005}
}

@article{
   author = {Gonzalez-Garcia, JJ and Prawirodirdjo, L and Bock, Y and Agnew, D},
   title = {Guadalupe Island, Mexico as a new constraint for Pacific plate motion},
   journal = {Geophysical research letters},
   volume = {30},
   number = {16},
   pages = {1872},
   year = {2003}
}

@article{
   author = {Graizer, VM},
   title = {Determination of the true ground displacement by using strong motion records},
   journal = {Izvestiya Academy of Sciences, USSR, Physics of the Solid Earth},
   volume = {15},
   number = {12},
   pages = {875-885},
   year = {1979}
}

@article{
   author = {Graizer, Vladimir},
   title = {Tilts in strong ground motion},
   journal = {Bulletin of the Seismological Society of America},
   volume = {96},
   number = {6},
   pages = {2090-2102},
   year = {2006}
}

@article{
   author = {Guilhem, Aurélie and Dreger, Douglas S and Tsuruoka, Hiroshi and Kawakatsu, Hitoshi},
   title = {Moment tensors for rapid characterization of megathrust earthquakes: the example of the 2011 M 9 Tohoku-oki, Japan earthquake},
   journal = {Geophysical Journal International},
   volume = {192},
   number = {2},
   pages = {759-772},
   year = {2013}
}

@article{
   author = {Gusman, Aditya Riadi and Tanioka, Yuichiro and Sakai, Shinichi and Tsushima, Hiroaki},
   title = {Source model of the great 2011 Tohoku earthquake estimated from tsunami waveforms and crustal deformation data},
   journal = {Earth and Planetary Science Letters},
   volume = {341},
   pages = {234-242},
   year = {2012}
}

@article{
   author = {Haines, AJ and Holt, WE},
   title = {A procedure for obtaining the complete horizontal motions within zones of distributed deformation from the inversion of strain rate data},
   journal = {Journal of Geophysical Research: Solid Earth (1978–2012)},
   volume = {98},
   number = {B7},
   pages = {12057-12082},
   year = {1993}
}

@article{
   author = {Hatch, Ron and Jung, Jaewoo and Enge, Per and Pervan, Boris},
   title = {Civilian GPS: the benefits of three frequencies},
   journal = {GPS solutions},
   volume = {3},
   number = {4},
   pages = {1-9},
   year = {2000}
}

@article{
   author = {Hayes, Gavin P and Earle, Paul S and Benz, Harley M and Wald, David J and Briggs, Richard W},
   title = {88 Hours: The US Geological Survey National Earthquake Information Center Response to the 11 March 2011 Mw 9.0 Tohoku Earthquake},
   journal = {Seismological Research Letters},
   volume = {82},
   number = {4},
   pages = {481-493},
   year = {2011}
}

@article{
   author = {Hayes, Gavin P and Rivera, Luis and Kanamori, Hiroo},
   title = {Source inversion of the W-phase: real-time implementation and extension to low magnitudes},
   journal = {Seismological Research Letters},
   volume = {80},
   number = {5},
   pages = {817-822},
   year = {2009}
}

@article{
   author = {Hayes, Gavin P and Wald, David J},
   title = {Developing framework to constrain the geometry of the seismic rupture plane on subduction interfaces a priori–a probabilistic approach},
   journal = {Geophysical Journal International},
   volume = {176},
   number = {3},
   pages = {951-964},
   year = {2009}
}

@article{
   author = {Hayes, Gavin P and Wald, David J and Johnson, Rebecca L},
   title = {Slab1. 0: A three‐dimensional model of global subduction zone geometries},
   journal = {Journal of Geophysical Research: Solid Earth (1978–2012)},
   volume = {117},
   number = {B1},
   year = {2012}
}

@article{
   author = {Hearn, EH and Pollitz, FF and Thatcher, WR and Onishi, CT},
   title = {How do “ghost transients” from past earthquakes affect GPS slip rate estimates on southern California faults?},
   journal = {Geochemistry, Geophysics, Geosystems},
   volume = {14},
   number = {4},
   pages = {828-838},
   year = {2013}
}

@article{
   author = {Heaton, Thomas H},
   title = {A model for a seismic computerized alert network},
   journal = {Science},
   volume = {228},
   number = {4702},
   pages = {987-990},
   year = {1985}
}

@article{
   author = {Herring, TA and Shapiro, II and Clark, TA and Ma, C and Ryan, JW and Schupler, BR and Knight, CA and Lundqvist, G and Shaffer, DB and Vandenberg, NR},
   title = {Geodesy by radio interferometry: Evidence for contemporary plate motion},
   journal = {Journal of Geophysical Research: Solid Earth (1978–2012)},
   volume = {91},
   number = {B8},
   pages = {8341-8347},
   year = {1986}
}

@article{
   author = {Hill, Emma M and Davis, James L and Elósegui, Pedro and Wernicke, Brian P and Malikowski, Eric and Niemi, Nathan A},
   title = {Characterization of site‐specific GPS errors using a short‐baseline network of braced monuments at Yucca Mountain, southern Nevada},
   journal = {Journal of Geophysical Research: Solid Earth (1978–2012)},
   volume = {114},
   number = {B11},
   year = {2009}
}

@article{
   author = {Hirose, Hitoshi and Hirahara, Kazuro and Kimata, Fumiaki and Fujii, Naoyuki and Miyazaki, Shin'ichi},
   title = {A slow thrust slip event following the two 1996 Hyuganada earthquakes beneath the Bungo Channel, southwest Japan},
   journal = {Geophysical Research Letters},
   volume = {26},
   number = {21},
   pages = {3237-3240},
   year = {1999}
}

@article{
   author = {Hoechner, A and Ge, M and Babeyko, AY and Sobolev, SV},
   title = {Instant tsunami early warning based on real-time GPS–Tohoku 2011 case study},
   journal = {Natural Hazards and Earth System Science},
   volume = {13},
   number = {5},
   pages = {1285-1292},
   year = {2013}
}

@book{
   author = {Hofmann-Wellenhof, Bernhard and Lichtenegger, Herbert},
   title = {Global positioning system: theory and practice},
   publisher = {DIANE Publishing Inc.},
   year = {1993}
}

@book{
   author = {Hofmann-Wellenhof, Bernhard and Lichtenegger, Herbert and Wasle, Elmar},
   title = {GNSS–global navigation satellite systems: GPS, GLONASS, Galileo, and more},
   publisher = {Springer},
   year = {2007}
}

@article{
   author = {Hoshiba, Mitsuyuki and Iwakiri, Kazuhiro and Hayashimoto, Naoki and Shimoyama, Toshihiro and Hirano, Kazuyuki and Yamada, Yasuyuki and Ishigaki, Yuzo and Kikuta, Haruyuki},
   title = {Outline of the 2011 off the Pacific coast of Tohoku earthquake (Mw 9.0)-earthquake early warning and observed seismic intensity},
   journal = {Earth, planets and space},
   volume = {63},
   number = {7},
   pages = {547-551},
   year = {2011}
}

@article{
   author = {Hsiao, Nai-Chi and Wu, Yih-Min and Shin, Tzay-Chyn and Zhao, Li and Teng, Ta-Liang},
   title = {Development of earthquake early warning system in Taiwan},
   journal = {Geophysical Research Letters},
   volume = {36},
   number = {5},
   pages = {L00B02},
   year = {2009}
}

@article{
   author = {Ide, Satoshi and Beroza, Gregory C and Shelly, David R and Uchide, Takahiko},
   title = {A scaling law for slow earthquakes},
   journal = {Nature},
   volume = {447},
   number = {7140},
   pages = {76-79},
   year = {2007}
}

@article{
   author = {Ito, Yoshihiro},
   title = {Slow Earthquakes Coincident with Episodic},
   journal = {J. Geophys. Res},
   volume = {98},
   pages = {3991},
   year = {1993}
}

@article{
   author = {Ito, Yoshihiro and Tsuji, Takeshi and Osada, Yukihito and Kido, Motoyuki and Inazu, Daisuke and Hayashi, Yutaka and Tsushima, Hiroaki and Hino, Ryota and Fujimoto, Hiromi},
   title = {Frontal wedge deformation near the source region of the 2011 Tohoku‐Oki earthquake},
   journal = {Geophysical Research Letters},
   volume = {38},
   number = {7},
   year = {2011}
}

@article{
   author = {Iwan, Wilfred D and Moser, Michael A and Peng, Chia-Yen},
   title = {Some observations on strong-motion earthquake measurement using a digital accelerograph},
   journal = {Bulletin of the Seismological Society of America},
   volume = {75},
   number = {5},
   pages = {1225-1246},
   year = {1985}
}

@article{
   author = {Ji, Chen and Larson, Kristine M and Tan, Ying and Hudnut, Kenneth W and Choi, Kyuhong},
   title = {Slip history of the 2003 San Simeon earthquake constrained by combining 1-Hz GPS, strong motion, and teleseismic data},
   journal = {Geophysical Research Letters},
   volume = {31},
   number = {17},
   pages = {L17608},
   year = {2004}
}

@article{
   author = {Johansson, JM and Davis, JL and Scherneck, H‐G and Milne, GA and Vermeer, M and Mitrovica, JX and Bennett, RA and Jonsson, B and Elgered, G and Elósegui, P},
   title = {Continuous GPS measurements of postglacial adjustment in Fennoscandia 1. Geodetic results},
   journal = {Journal of Geophysical Research: Solid Earth (1978–2012)},
   volume = {107},
   number = {B8},
   pages = {ETG 3-1-ETG 3-27},
   year = {2002}
}

@article{
   author = {Johnson, Hadley O and Agnew, Duncan Carr},
   title = {Monument motion and measurements of crustal velocities},
   journal = {Geophysical research letters},
   volume = {22},
   number = {21},
   pages = {2905-2908},
   year = {1995}
}

@article{
   author = {Jones, Craig H and Unruh, Jeffrey R and Sonder, Leslie J},
   title = {The role of gravitational potential energy in active deformation in the southwestern United States},
   year = {1996}
}

@article{
   author = {Kalman, Rudolph Emil},
   title = {A new approach to linear filtering and prediction problems},
   journal = {Journal of basic Engineering},
   volume = {82},
   number = {1},
   pages = {35-45},
   year = {1960}
}

@article{
   author = {Kanamori, Hiroo and Rivera, Luis},
   title = {Source inversion of W phase: speeding up seismic tsunami warning},
   journal = {Geophysical Journal International},
   volume = {175},
   number = {1},
   pages = {222-238},
   year = {2008}
}

@article{
   author = {Kedar, S and Watada, S and Tanimoto, T},
   title = {The 1989 Macquarie Ridge earthquake: Seismic moment estimation from long‐period free oscillations},
   journal = {Journal of Geophysical Research: Solid Earth (1978–2012)},
   volume = {99},
   number = {B9},
   pages = {17893-17907},
   year = {1994}
}

@article{
   author = {Kenner, Shelley J and Segall, Paul},
   title = {Lower crustal structure in northern California: Implications from strain rate variations following the 1906 San Francisco earthquake},
   journal = {Journal of Geophysical Research: Solid Earth (1978–2012)},
   volume = {108},
   number = {B1},
   pages = {ETG 5-1-ETG 5-17},
   year = {2003}
}

@article{
   author = {Kido, M and Osada, Y and Fujimoto, H and Hino, R and Ito, Y},
   title = {Trench‐normal variation in observed seafloor displacements associated with the 2011 Tohoku‐Oki earthquake},
   journal = {Geophysical Research Letters},
   volume = {38},
   number = {24},
   year = {2011}
}

@article{
   author = {Kim, Ahyi and Dreger, Douglas S},
   title = {Rupture process of the 2004 Parkfield earthquake from near-fault seismic waveform and geodetic records},
   journal = {Journal of Geophysical Research},
   volume = {113},
   number = {B7},
   pages = {B07308},
   year = {2008}
}

@article{
   author = {King, Geoffrey and Oppenheimer, David and Amelung, Falk},
   title = {Block versus continuum deformation in the western United States},
   journal = {Earth and Planetary Science Letters},
   volume = {128},
   number = {3},
   pages = {55-64},
   year = {1994}
}

@article{
   author = {King, Matt A and Altamimi, Zuheir and Boehm, Johannes and Bos, Machiel and Dach, Rolf and Elosegui, Pedro and Fund, François and Hernández-Pajares, Manuel and Lavallee, David and Cerveira, Paulo Jorge Mendes},
   title = {Improved constraints on models of glacial isostatic adjustment: a review of the contribution of ground-based geodetic observations},
   journal = {Surveys in geophysics},
   volume = {31},
   number = {5},
   pages = {465-507},
   year = {2010}
}

@article{
   author = {King, Matt A and Watson, Christopher S},
   title = {Long GPS coordinate time series: multipath and geometry effects},
   journal = {Journal of Geophysical Research: Solid Earth (1978–2012)},
   volume = {115},
   number = {B4},
   year = {2010}
}

@article{
   author = {King, Matt A and Williams, Simon DP},
   title = {Apparent stability of GPS monumentation from short‐baseline time series},
   journal = {Journal of Geophysical Research: Solid Earth (1978–2012)},
   volume = {114},
   number = {B10},
   year = {2009}
}

@article{
   author = {King, NE and Argus, D and Langbein, J and Agnew, DC and Bawden, G and Dollar, RS and Liu, Z and Galloway, D and Reichard, E and Yong, A},
   title = {Space geodetic observation of expansion of the San Gabriel Valley, California, aquifer system, during heavy rainfall in winter 2004–2005},
   journal = {Journal of Geophysical Research: Solid Earth (1978–2012)},
   volume = {112},
   number = {B3},
   year = {2007}
}

@article{
   author = {Kobayashi, Reiji and Miyazaki, Shin'ichi and Koketsu, Kazuki},
   title = {Source processes of the 2005 West Off Fukuoka Prefecture earthquake and its largest aftershock inferred from strong motion and 1-Hz GPS data},
   journal = {Earth, Planets, and Space},
   volume = {58},
   number = {1},
   pages = {57-62},
   year = {2006}
}

@article{
   author = {Kogan, Mikhail G and Kim, Won-Young and Bock, Yehuda and Smyth, Andrew W},
   title = {Load response on a large suspension bridge during the NYC Marathon revealed by GPS and accelerometers},
   journal = {Seismological Research Letters},
   volume = {79},
   number = {1},
   pages = {12-19},
   year = {2008}
}

@article{
   author = {Kogan, Mikhail G and Steblov, Grigory M},
   title = {Current global plate kinematics from GPS (1995–2007) with the plate‐consistent reference frame},
   journal = {Journal of Geophysical Research: Solid Earth (1978–2012)},
   volume = {113},
   number = {B4},
   year = {2008}
}

@article{
   author = {Kostoglodov, Vladimir and Singh, Shri Krishna and Santiago, Jose Antonio and Franco, Sara Ivonne and Larson, Kristine M and Lowry, Anthony R and Bilham, Roger},
   title = {A large silent earthquake in the Guerrero seismic gap, Mexico},
   journal = {Geophysical Research Letters},
   volume = {30},
   number = {15},
   year = {2003}
}

@article{
   author = {Koto, Bundjiro},
   title = {On the cause of the great earthquake in central Japan, 1891},
   journal = {The Journal of the College of Science, Imperial University, Japan},
   volume = {5},
   pages = {295-353},
   year = {1893}
}

@article{
   author = {Kouba, Jan},
   title = {Measuring seismic waves induced by large earthquakes with GPS},
   journal = {Studia Geophysica et Geodaetica},
   volume = {47},
   number = {4},
   pages = {741-755},
   year = {2003}
}

@article{
   author = {Kreemer, Corné and Haines, John and Holt, William E and Blewitt, Geoffrey and Lavallee, David},
   title = {On the determination of a global strain rate model},
   journal = {Earth Planets and Space},
   volume = {52},
   number = {10},
   pages = {765-770},
   year = {2000}
}

@article{
   author = {Kreemer, Corné and Holt, William E and Haines, A John},
   title = {An integrated global model of present‐day plate motions and plate boundary deformation},
   journal = {Geophysical Journal International},
   volume = {154},
   number = {1},
   pages = {8-34},
   year = {2003}
}

@article{
   author = {Lamb, Simon H},
   title = {Behavior of the brittle crust in wide plate boundary zones},
   journal = {Journal of Geophysical Research},
   volume = {99},
   number = {B3},
   pages = {4457-4483},
   year = {1994}
}

@article{
   author = {Langbein, John},
   title = {Noise in GPS displacement measurements from Southern California and Southern Nevada},
   journal = {Journal of Geophysical Research: Solid Earth (1978–2012)},
   volume = {113},
   number = {B5},
   year = {2008}
}

@article{
   author = {Langbein, John and Bock, Yehuda},
   title = {High‐rate real‐time GPS network at Parkfield: Utility for detecting fault slip and seismic displacements},
   journal = {Geophysical Research Letters},
   volume = {31},
   number = {15},
   year = {2004}
}

@article{
   author = {Langbein, John and Borcherdt, Roger and Dreger, Douglas and Fletcher, Joe and Hardebeck, Jeanne L and Hellweg, Margaret and Ji, Chen and Johnston, Malcolm and Murray, Jessica R and Nadeau, Robert},
   title = {Preliminary report on the 28 September 2004, M 6.0 Parkfield, California earthquake},
   journal = {Seismological Research Letters},
   volume = {76},
   number = {1},
   pages = {10-26},
   year = {2005}
}

@article{
   author = {Langbein, JO and Linker, MF and McGarr, AF and Slater, LE},
   title = {Precision of two-color geodimeter measurements: Results from 15 months of observations},
   journal = {Journal of Geophysical Research},
   volume = {92},
   number = {B11},
   pages = {11644-11,656},
   year = {1987}
}

@article{
   author = {Langbein, John and Wyatt, Frank and Johnson, Hadley and Hamann, Duane and Zimmer, Paul},
   title = {Improved stability of a deeply anchored geodetic monument for deformation monitoring},
   journal = {Geophysical Research Letters},
   volume = {22},
   number = {24},
   pages = {3533-3536},
   year = {1995}
}

@article{
   author = {Lapusta, Nadia and Liu, Yi},
   title = {Three‐dimensional boundary integral modeling of spontaneous earthquake sequences and aseismic slip},
   journal = {Journal of Geophysical Research: Solid Earth (1978–2012)},
   volume = {114},
   number = {B9},
   year = {2009}
}

@article{
   author = {Lapusta, Nadia and Rice, James R and Ben-Zion, Yehuda and Zheng, Gutuan},
   title = {Elastodynamic analysis for slow tectonic loading with spontaneous rupture episodes on faults with rate-and state-dependent friction},
   journal = {Journal of Geophysical Research},
   volume = {105},
   number = {B10},
   pages = {23765-23,789},
   year = {2000}
}

@article{
   author = {Larson, Kristine M and Bodin, Paul and Gomberg, Joan},
   title = {Using 1-Hz GPS data to measure deformations caused by the Denali fault earthquake},
   journal = {Science},
   volume = {300},
   number = {5624},
   pages = {1421-1424},
   year = {2003}
}

@article{
   author = {Larson, Kristine M and Bürgmann, Roland and Bilham, Roger and Freymueller, Jeffrey T},
   title = {Kinematics of the India‐Eurasia collision zone from GPS measurements},
   journal = {Journal of Geophysical Research: Solid Earth (1978–2012)},
   volume = {104},
   number = {B1},
   pages = {1077-1093},
   year = {1999}
}

@article{
   author = {Larson, Kristine M and Freymueller, Jeffrey T and Philipsen, Steven},
   title = {Global plate velocities from the Global Positioning System},
   journal = {Journal of Geophysical Research: Solid Earth (1978–2012)},
   volume = {102},
   number = {B5},
   pages = {9961-9981},
   year = {1997}
}

@article{
   author = {Larson, Kristine M and Gutmann, Ethan D and Zavorotny, Valery U and Braun, John J and Williams, Mark W and Nievinski, Felipe G},
   title = {Can we measure snow depth with GPS receivers?},
   journal = {Geophysical Research Letters},
   volume = {36},
   number = {17},
   year = {2009}
}

@article{
   author = {Larson, Kristine M and Small, Eric E and Gutmann, Ethan D and Bilich, Andria L and Braun, John J and Zavorotny, Valery U},
   title = {Use of GPS receivers as a soil moisture network for water cycle studies},
   journal = {Geophysical Research Letters},
   volume = {35},
   number = {24},
   year = {2008}
}

@article{
   author = {Lay, Thorne and Ye, Lingling and Kanamori, Hiroo and Yamazaki, Yoshiki and Cheung, Kwok Fai and Kwong, Kevin and Koper, Keith D},
   title = {The October 28, 2012< i> M</i>< sub> w</sub> 7.8 Haida Gwaii underthrusting earthquake and tsunami: Slip partitioning along the Queen Charlotte Fault transpressional plate boundary},
   journal = {Earth and Planetary Science Letters},
   year = {2013}
}

@book{
   author = {Leick, Alfred},
   title = {GPS satellite surveying},
   publisher = {John Wiley & Sons},
   year = {2004}
}

@article{
   author = {Linde, Alan T and Gladwin, Michael T and Johnston, Malcolm JS and Gwyther, Ross L and Bilham, Roger G},
   title = {A slow earthquake sequence on the San Andreas fault},
   journal = {Nature},
   volume = {383},
   number = {6595},
   pages = {65-68},
   year = {1996}
}

@article{
   author = {Lindsey, EO and Fialko, Y},
   title = {Geodetic slip rates in the southern San Andreas Fault system: Effects of elastic heterogeneity and fault geometry},
   journal = {Journal of Geophysical Research: Solid Earth},
   volume = {118},
   number = {2},
   pages = {689-697},
   year = {2013}
}

@article{
   author = {Liu, Yajing and Rice, James R},
   title = {Spontaneous and triggered aseismic deformation transients in a subduction fault model},
   journal = {Journal of Geophysical Research: Solid Earth (1978–2012)},
   volume = {112},
   number = {B9},
   year = {2007}
}

@article{
   author = {Lohman, Rowena B and McGuire, Jeffrey J},
   title = {Earthquake swarms driven by aseismic creep in the Salton Trough, California},
   journal = {Journal of Geophysical Research: Solid Earth (1978–2012)},
   volume = {112},
   number = {B4},
   year = {2007}
}

@article{
   author = {Loveless, John P and Meade, Brendan J},
   title = {Stress modulation on the San Andreas fault by interseismic fault system interactions},
   journal = {Geology},
   volume = {39},
   number = {11},
   pages = {1035-1038},
   year = {2011}
}

@article{
   author = {Ma, Ch and Arias, EF and Eubanks, TMm and Fey, AL and Gontier, A-M and Jacobs, CS and Sovers, OJ and Archinal, BA and Charlot, P},
   title = {The international celestial reference frame as realized by very long baseline interferometry},
   journal = {The Astronomical Journal},
   volume = {116},
   number = {1},
   pages = {516},
   year = {1998}
}

@article{
   author = {MacInnes, Breanyn T and Gusman, Aditya Riadi and LeVeque, Randall J and Tanioka, Yuichiro},
   title = {Comparison of Earthquake Source Models for the 2011 Tohoku Event Using Tsunami Simulations and Near‐Field Observations},
   journal = {Bulletin of the Seismological Society of America},
   volume = {103},
   number = {2B},
   pages = {1256-1274},
   year = {2013}
}

@article{
   author = {Maeda, Takuto and Furumura, Takashi and Sakai, Shin'ichi and Shinohara, Masanao},
   title = {Significant tsunami observed at ocean-bottom pressure gauges during the 2011 off the Pacific coast of Tohoku Earthquake},
   journal = {Earth, Planets and Space},
   volume = {63},
   number = {7},
   pages = {803-808},
   year = {2011}
}

@article{
   author = {Mao, Ailin and Harrison, Christopher GA and Dixon, Timothy H},
   title = {Noise in GPS coordinate time series},
   journal = {Journal of Geophysical Research: Solid Earth (1978–2012)},
   volume = {104},
   number = {B2},
   pages = {2797-2816},
   year = {1999}
}

@article{
   author = {Márquez-Azúa, Bertha and DeMets, Charles},
   title = {Crustal velocity field of Mexico from continuous GPS measurements, 1993 to June 2001: Implications for the neotectonics of Mexico},
   journal = {Journal of Geophysical Research: Solid Earth},
   volume = {108},
   number = {B9},
   pages = {2450},
   keywords = {Mexico
neotectonics
Basin-and-Range
Mexican Volcanic Belt
1208 Geodesy and Gravity: Crustal movements—intraplate
8107 Continental neotectonics
8150 Plate boundary: general
8155 Plate motions: general},
   year = {2003}
}

@article{
   author = {Márquez‐Azúa, Bertha and DeMets, Charles},
   title = {Crustal velocity field of Mexico from continuous GPS measurements, 1993 to June 2001: Implications for the neotectonics of Mexico},
   journal = {Journal of Geophysical Research: Solid Earth (1978–2012)},
   volume = {108},
   number = {B9},
   year = {2003}
}

@article{
   author = {Masson, DG and Harbitz, CB and Wynn, RB and Pedersen, G and Løvholt, F},
   title = {Submarine landslides: processes, triggers and hazard prediction},
   journal = {Philosophical Transactions of the Royal Society A: Mathematical, Physical and Engineering Sciences},
   volume = {364},
   number = {1845},
   pages = {2009-2039},
   year = {2006}
}

@article{
   author = {Massonnet, Didier and Feigl, Kurt L},
   title = {Radar interferometry and its application to changes in the Earth's surface},
   journal = {Reviews of geophysics},
   volume = {36},
   number = {4},
   pages = {441-500},
   year = {1998}
}

@article{
   author = {Mattia, Mario and Rossi, Massimo and Guglielmino, Francesco and Aloisi, Marco and Bock, Yehuda},
   title = {The shallow plumbing system of Stromboli Island as imaged from 1 Hz instantaneous GPS positions},
   journal = {Geophysical Research Letters},
   volume = {31},
   number = {24},
   year = {2004}
}

@article{
   author = {McCaffrey, Robert},
   title = {Slip partitioning at convergent plate boundaries of SE Asia},
   journal = {Geological Society, London, Special Publications},
   volume = {106},
   number = {1},
   pages = {3-18},
   year = {1996}
}

@article{
   author = {McCaffrey, Robert},
   title = {Crustal block rotations and plate coupling},
   journal = {Plate boundary zones},
   pages = {101-122},
   year = {2002}
}

@article{
   author = {McCaffrey, Robert},
   title = {Block kinematics of the Pacific–North America plate boundary in the southwestern United States from inversion of GPS, seismological, and geologic data},
   journal = {Journal of Geophysical Research},
   volume = {110},
   number = {B7},
   pages = {B07401},
   year = {2005}
}

@article{
   author = {McCaffrey, Robert},
   title = {Time‐dependent inversion of three‐component continuous GPS for steady and transient sources in northern Cascadia},
   journal = {Geophysical Research Letters},
   volume = {36},
   number = {7},
   year = {2009}
}

@article{
   author = {McCaffrey, Robert and King, Robert W and Payne, Suzette J and Lancaster, Matthew},
   title = {Active tectonics of northwestern US inferred from GPS‐derived surface velocities},
   journal = {Journal of Geophysical Research: Solid Earth},
   volume = {118},
   number = {2},
   pages = {709-723},
   year = {2013}
}

@article{
   author = {McCaffrey, Robert and Qamar, Anthony I and King, Robert W and Wells, Ray and Khazaradze, Giorgi and Williams, Charles A and Stevens, Colleen W and Vollick, Jesse J and Zwick, Peter C},
   title = {Fault locking, block rotation and crustal deformation in the Pacific Northwest},
   journal = {Geophysical Journal International},
   volume = {169},
   number = {3},
   pages = {1315-1340},
   year = {2007}
}

@article{
   author = {McCaffrey, Robert and Wallace, Laura M and Beavan, John},
   title = {Slow slip and frictional transition at low temperature at the Hikurangi subduction zone},
   journal = {Nature Geoscience},
   volume = {1},
   number = {5},
   pages = {316-320},
   year = {2008}
}

@techreport{
   author = {McKay, A.},
   title = {On the Earthquakes of September 1888, in the Amuri and Marlborough districts of the South Island},
   year = {1890}
}

@article{
   author = {McKenzie, D Parker and Parker, Robert L},
   title = {The North Pacific: an example of tectonics on a sphere},
   journal = {Nature},
   volume = {216},
   pages = {1276-1280},
   year = {1967}
}

@article{
   author = {Meade, Brendan J},
   title = {Present-day kinematics at the India-Asia collision zone},
   journal = {Geology},
   volume = {35},
   number = {1},
   pages = {81-84},
   year = {2007}
}

@article{
   author = {Meade, Brendan J and Hager, Bradford H},
   title = {Block models of crustal motion in southern California constrained by GPS measurements},
   journal = {Journal of Geophysical Research: Solid Earth (1978–2012)},
   volume = {110},
   number = {B3},
   year = {2005}
}

@inproceedings{
   author = {Melbourne, William G},
   title = {The case for ranging in GPS-based geodetic systems},
   booktitle = {Proc. 1st Int. Symp. on Precise Positioning with GPS, Rockville, Maryland (1985)},
   pages = {373-386},

}

@article{
   author = {Melgar, Diego and Bock, Yehuda},
   title = {Near‐field tsunami models with rapid earthquake source inversions from land‐and ocean‐based observations: The potential for forecast and warning},
   journal = {Journal of Geophysical Research: Solid Earth},
   year = {2013}
}

@article{
   author = {Melgar, Diego and Bock, Yehuda and Crowell, Brendan W},
   title = {Real‐time centroid moment tensor determination for large earthquakes from local and regional displacement records},
   journal = {Geophysical Journal International},
   volume = {188},
   number = {2},
   pages = {703-718},
   year = {2012}
}

@article{
   author = {Melgar, Diego and Bock, Yehuda and Sanchez, Dominga and Crowell, Brendan W},
   title = {On robust and reliable automated baseline corrections for strong motion seismology},
   journal = {Journal of Geophysical Research: Solid Earth},
   year = {2013}
}

@article{
   author = {Melgar, Diego and Crowell, Brendan W and Bock, Yehuda and Haase, Jennifer S},
   title = {Rapid modeling of the 2011 Mw 9.0 Tohoku‐oki earthquake with seismogeodesy},
   journal = {Geophysical Research Letters},
   year = {2013}
}

@article{
   author = {Mimura, Nobuo and Yasuhara, Kazuya and Kawagoe, Seiki and Yokoki, Hiromune and Kazama, So},
   title = {Damage from the Great East Japan Earthquake and Tsunami-a quick report},
   journal = {Mitigation and adaptation strategies for global change},
   volume = {16},
   number = {7},
   pages = {803-818},
   year = {2011}
}

@article{
   author = {Minson, SE and Simons, M and Beck, JL},
   title = {Bayesian inversion for finite fault earthquake source models I—theory and algorithm},
   journal = {Geophysical Journal International},
   volume = {194},
   number = {3},
   pages = {1701-1726},
   year = {2013}
}

@article{
   author = {Minster, JB and Jordan, TH and Molnar, Peter and Haines, Eldon},
   title = {Numerical modelling of instantaneous plate tectonics},
   journal = {Geophysical Journal International},
   volume = {36},
   number = {3},
   pages = {541-576},
   year = {1974}
}

@article{
   author = {Minster, J Bernard and Jordan, Thomas H},
   title = {Present‐day plate motions},
   journal = {Journal of Geophysical Research: Solid Earth (1978–2012)},
   volume = {83},
   number = {B11},
   pages = {5331-5354},
   year = {1978}
}

@article{
   author = {Minster, J Bernard and Jordan, Thomas H},
   title = {Vector constraints on Quaternary deformation of the western United States east and west of the San Andreas fault},
   year = {1984}
}

@article{
   author = {Molnar, P},
   title = {A review of geophysical constraints on the deep structure of the Tibetan Plateau, the Himalaya and the Karakoram, and their tectonic implications},
   journal = {Philosophical Transactions of the Royal Society of London. Series A, Mathematical and Physical Sciences},
   pages = {33-88},
   year = {1988}
}

@article{
   author = {Molnar, Peter},
   title = {Continental tectonics in the aftermath of plate tectonics},
   journal = {Nature},
   volume = {335},
   number = {6186},
   pages = {131-137},
   year = {1988}
}

@article{
   author = {Mori, Nobuhito and Takahashi, Tomoyuki and Group, The Tohoku Earthquake Tsunami Joint Survey},
   title = {Nationwide post event survey and analysis of the 2011 Tohoku earthquake tsunami},
   journal = {Coastal Engineering Journal},
   volume = {54},
   number = {01},
   year = {2012}
}

@article{
   author = {Morra, Gabriele and Geller, Robert J and Grilli, Stephan T and Karato, Shun‐ichiro and King, Scott and Lee, Sang‐Mook and Tackley, Paul and Yuen, David},
   title = {Growing Understanding of Subduction Dynamics Indicates Need to Rethink Seismic Hazards},
   journal = {Eos, Transactions American Geophysical Union},
   volume = {94},
   number = {13},
   pages = {125-126},
   year = {2013}
}

@article{
   author = {Mungov, George and Eblé, Marie and Bouchard, Richard},
   title = {DART® Tsunameter Retrospective and Real-Time Data: A Reflection on 10 Years of Processing in Support of Tsunami Research and Operations},
   journal = {Pure and Applied Geophysics},
   pages = {1-16},
   year = {2012}
}

@article{
   author = {Murray, JR and Segall, P},
   title = {Spatiotemporal evolution of a transient slip event on the San Andreas fault near Parkfield, California},
   journal = {Journal of Geophysical Research: Solid Earth (1978–2012)},
   volume = {110},
   number = {B9},
   year = {2005}
}

@inbook{
   author = {Nakamura, Yutaka and Saita, Jun},
   title = {UrEDAS, the earthquake warning system: Today and tomorrow},
   booktitle = {Earthquake Early Warning Systems},
   publisher = {Springer},
   pages = {249-281},
   year = {2007}
}

@article{
   author = {Niell, AE},
   title = {Global mapping functions for the atmosphere delay at radio wavelengths},
   journal = {Journal of Geophysical Research: Solid Earth (1978–2012)},
   volume = {101},
   number = {B1},
   pages = {3227-3246},
   year = {1996}
}

@book{
   author = {Nikolaidis, Rosanne},
   title = {Observation of geodetic and seismic deformation with the Global Positioning System},
   year = {2002}
}

@article{
   author = {Nikolaidis, Rosanne M and Bock, Yehuda and Jonge, Paul J and Shearer, Peter and Agnew, Duncan Carr and Van Domselaar, Matthijs},
   title = {Seismic wave observations with the Global Positioning System},
   journal = {Journal of Geophysical Research: Solid Earth (1978–2012)},
   volume = {106},
   number = {B10},
   pages = {21897-21916},
   year = {2001}
}

@article{
   author = {Nocquet, JM and Villegas-Lanza, JC and Chlieh, M and Mothes, PA and Rolandone, F and Jarrin, P and Cisneros, D and Alvarado, A and Audin, L and Bondoux, F},
   title = {Motion of continental slivers and creeping subduction in the northern Andes},
   journal = {Nature Geoscience},
   year = {2014}
}

@article{
   author = {Nocquet, J‐M and Calais, E and Parsons, B},
   title = {Geodetic constraints on glacial isostatic adjustment in Europe},
   journal = {Geophysical research letters},
   volume = {32},
   number = {6},
   year = {2005}
}

@article{
   author = {Nugroho, Hendro and Harris, Ron and Lestariya, Amin W and Maruf, Bilal},
   title = {Plate boundary reorganization in the active Banda Arc–continent collision: Insights from new GPS measurements},
   journal = {Tectonophysics},
   volume = {479},
   number = {1},
   pages = {52-65},
   year = {2009}
}

@article{
   author = {Nur, Amos and Mavko, Gerald},
   title = {Postseismic viscoelastic rebound},
   journal = {Science},
   volume = {183},
   number = {4121},
   pages = {204-206},
   year = {1974}
}

@article{
   author = {O'Toole, Thomas B and Valentine, Andrew P and Woodhouse, John H},
   title = {Earthquake source parameters from GPS‐measured static displacements with potential for real‐time application},
   journal = {Geophysical Research Letters},
   pages = {1-6},
   year = {2013}
}

@article{
   author = {O’Toole, Thomas B and Valentine, Andrew P and Woodhouse, John H},
   title = {Centroid–moment tensor inversions using high‐rate GPS waveforms},
   journal = {Geophysical Journal International},
   volume = {191},
   number = {1},
   pages = {257-270},
   year = {2012}
}

@article{
   author = {Ohta, Yusaku and Kobayashi, Tatsuya and Tsushima, Hiroaki and Miura, Satoshi and Hino, Ryota and Takasu, Tomoji and Fujimoto, Hiromi and Iinuma, Takeshi and Tachibana, Kenji and Demachi, Tomotsugu},
   title = {Quasi real‐time fault model estimation for near‐field tsunami forecasting based on RTK‐GPS analysis: Application to the 2011 Tohoku‐Oki earthquake (Mw 9.0)},
   journal = {Journal of Geophysical Research: Solid Earth (1978–2012)},
   volume = {117},
   number = {B2},
   year = {2012}
}

@article{
   author = {Okal, Emile A and Fritz, Hermann M and Synolakis, Costas E and Borrero, José C and Weiss, Robert and Lynett, Patrick J and Titov, Vasily V and Foteinis, Spyros and Jaffe, Bruce E and Liu, Philip L-F},
   title = {Field survey of the Samoa tsunami of 29 September 2009},
   journal = {Seismological Research Letters},
   volume = {81},
   number = {4},
   pages = {577-591},
   year = {2010}
}

@article{
   author = {Okubo, Paul G and Dieterich, James H},
   title = {Effects of physical fault properties on frictional instabilities produced on simulated faults},
   journal = {Journal of Geophysical Research: Solid Earth (1978–2012)},
   volume = {89},
   number = {B7},
   pages = {5817-5827},
   year = {1984}
}

@article{
   author = {Owen, Susan and Segall, Paul and Freymueller, Jeff and Mikijus, Asta and Denlinger, Roger and Árnadóttir, Thóra and Sako, Maurice and Bürgmann, Roland},
   title = {Rapid deformation of the south flank of Kilauea volcano, Hawaii},
   journal = {Science},
   volume = {267},
   number = {5202},
   pages = {1328-1332},
   year = {1995}
}

@article{
   author = {Owen, Susan and Segall, Paul and Lisowski, Michael and Miklius, Asta and Denlinger, Roger and Sako, Maurice},
   title = {Rapid deformation of Kilauea Volcano: Global positioning system measurements between 1990 and 1996},
   journal = {Journal of Geophysical Research: Solid Earth (1978–2012)},
   volume = {105},
   number = {B8},
   pages = {18983-18998},
   year = {2000}
}

@article{
   author = {Ozaki, Tomoaki},
   title = {Outline of the 2011 off the Pacific coast of Tohoku Earthquake(M (w) 9. 0)-Tsunami warnings/advisories and observations},
   journal = {Earth, planets and space},
   volume = {63},
   number = {7},
   pages = {827-830},
   year = {2011}
}

@article{
   author = {Ozawa, Shinzaburo and Murakami, Makoto and Kaidzu, Masaru and Tada, Takashi and Sagiya, Takeshi and Hatanaka, Yuki and Yarai, Hiroshi and Nishimura, Takuya},
   title = {Detection and monitoring of ongoing aseismic slip in the Tokai region, central Japan},
   journal = {Science},
   volume = {298},
   number = {5595},
   pages = {1009-1012},
   year = {2002}
}

@article{
   author = {Ozawa, Shinzaburo and Suito, Hisashi and Tobita, Mikio},
   title = {Occurrence of quasi-periodic slow-slip off the east coast of the Boso peninsula, Central Japan},
   journal = {Earth Planets and Space},
   volume = {59},
   number = {12},
   pages = {1241},
   year = {2007}
}

@article{
   author = {Park, Jeffrey and Song, Teh-Ru Alex and Tromp, Jeroen and Okal, Emile and Stein, Seth and Roult, Genevieve and Clevede, Eric and Laske, Gabi and Kanamori, Hiroo and Davis, Peter},
   title = {Earth's free oscillations excited by the 26 December 2004 Sumatra-Andaman earthquake},
   journal = {Science},
   volume = {308},
   number = {5725},
   pages = {1139-1144},
   year = {2005}
}

@book{
   author = {Parkinson, Bradford W and Spilker, James J},
   title = {Global Positioning System: part 1 GPS fundamentals, part 2 GPS performance and error effects; vol. 2, part 3 differential GPS and integrity monitoring, part 4 integrated navigation systems, part 5 GPS navigation applications, part 6 special applications},
   publisher = {Aiaa},
   volume = {2},
   year = {1996}
}

@article{
   author = {Paul, J and Burgmann, R and Gaur, VK and Bilham, R and Larson, KM and Ananda, MB and Jade, S and Mukal, M and Anupama, TS and Satyal, G},
   title = {The motion and active deformation of India},
   journal = {Geophysical Research Letters},
   volume = {28},
   number = {4},
   pages = {647-650},
   year = {2001}
}

@article{
   author = {Peltzer, Gilles and Saucier, Francois},
   title = {Present‐day kinematics of Asia derived from geologic fault rates},
   journal = {Journal of Geophysical Research: Solid Earth (1978–2012)},
   volume = {101},
   number = {B12},
   pages = {27943-27956},
   year = {1996}
}

@article{
   author = {Peltzer, Gilles and Tapponnier, Paul},
   title = {Formation and evolution of strike‐slip faults, rifts, and basins during the India‐Asia collision: An experimental approach},
   journal = {Journal of Geophysical Research: Solid Earth (1978–2012)},
   volume = {93},
   number = {B12},
   pages = {15085-15117},
   year = {1988}
}

@article{
   author = {Penna, NT and Stewart, MP},
   title = {Aliased tidal signatures in continuous GPS height time series},
   journal = {Geophysical Research Letters},
   volume = {30},
   number = {23},
   year = {2003}
}

@article{
   author = {Penna, Nigel T and King, Matt A and Stewart, Mike P},
   title = {GPS height time series: Short‐period origins of spurious long‐period signals},
   journal = {Journal of Geophysical Research: Solid Earth (1978–2012)},
   volume = {112},
   number = {B2},
   year = {2007}
}

@article{
   author = {Pérez‐Campos, Xyoli and Melgar, Diego and Singh, Shri K and Cruz‐Atienza, Víctor and Iglesias, Arturo and Hjörleifsdóttir, Vala},
   title = {Rapid Estimation of Fault Parameters for Tsunami Warning along the Mexican Subduction Zone: A Scenario Earthquake in the Guerrero Seismic Gap},
   journal = {Seismological Research Letters},
   volume = {84},
   number = {3},
   pages = {474-484},
   year = {2013}
}

@article{
   author = {Petit, G and Luzum, B},
   title = {IERS Technical Note No. 36, IERS Conventions (2010)},
   journal = {International Earth Rotation and Reference Systems Service, Frankfurt, Germany},
   year = {2010}
}

@article{
   author = {Pillet, Robert and Virieux, Jean},
   title = {The effects of seismic rotations on inertial sensors},
   journal = {Geophysical Journal International},
   volume = {171},
   number = {3},
   pages = {1314-1323},
   year = {2007}
}

@article{
   author = {Pollitz, Fred F and Nyst, Marleen},
   title = {A physical model for strain accumulation in the San Francisco Bay Region},
   journal = {Geophysical Journal International},
   volume = {160},
   number = {1},
   pages = {303-318},
   year = {2005}
}

@article{
   author = {Pollitz, Fred F and Wicks, Chuck and Thatcher, Wayne},
   title = {Mantle flow beneath a continental strike-slip fault: Postseismic deformation after the 1999 Hector Mine earthquake},
   journal = {Science},
   volume = {293},
   number = {5536},
   pages = {1814-1818},
   year = {2001}
}

@article{
   author = {Prawirodirdjo, Linette and Ben-Zion, Yehuda and Bock, Yehuda},
   title = {Observation and modeling of thermoelastic strain in Southern California Integrated GPS Network daily position time series},
   journal = {Journal of geophysical research},
   volume = {111},
   number = {B2},
   pages = {B02408},
   year = {2006}
}

@article{
   author = {Prawirodirdjo, Linette and Bock, Yehuda},
   title = {Instantaneous global plate motion model from 12 years of continuous GPS observations},
   journal = {Journal of Geophysical Research: Solid Earth (1978–2012)},
   volume = {109},
   number = {B8},
   year = {2004}
}

@article{
   author = {Prawirodirdjo, L and Bock, Y and McCaffrey, R and Genrich, J and Calais, E and Stevens, C and Puntodewo, SSO and Subarya, C and Rais, J and Zwick, P},
   title = {Geodetic observations of interseismic strain segmentation at the Sumatra subduction zone},
   journal = {Geophysical Research Letters},
   volume = {24},
   number = {21},
   pages = {2601-2604},
   year = {1997}
}

@article{
   author = {Ray, J and Altamimi, Z and Collilieux, X and van Dam, Tonie},
   title = {Anomalous harmonics in the spectra of GPS position estimates},
   journal = {GPS Solutions},
   volume = {12},
   number = {1},
   pages = {55-64},
   year = {2008}
}

@article{
   author = {Reilinger, Robert and McClusky, Simon and Vernant, Philippe and Lawrence, Shawn and Ergintav, Semih and Cakmak, Rahsan and Ozener, Haluk and Kadirov, Fakhraddin and Guliev, Ibrahim and Stepanyan, Ruben},
   title = {GPS constraints on continental deformation in the Africa‐Arabia‐Eurasia continental collision zone and implications for the dynamics of plate interactions},
   journal = {Journal of Geophysical Research: Solid Earth (1978–2012)},
   volume = {111},
   number = {B5},
   year = {2006}
}

@article{
   author = {Remondi, Benjamin W},
   title = {Using the global positioning system(GPS) phase observable for relative geodesy: Modeling, processing, and results[Ph. D. Thesis]},
   year = {1984}
}

@article{
   author = {Rice, James R and Lapusta, Nadia and Ranjith, K},
   title = {Rate and state dependent friction and the stability of sliding between elastically deformable solids},
   journal = {Journal of the Mechanics and Physics of Solids},
   volume = {49},
   number = {9},
   pages = {1865-1898},
   year = {2001}
}

@article{
   author = {Roeloffs, Evelyn A},
   title = {EVIDENCE FOR ASEISMIC DEFORMATION RATE CHANGES PRIOR TO EARTHQUAKES*},
   journal = {Annu. Rev. Earth Planet. Sci.},
   volume = {34},
   pages = {591-627},
   year = {2006}
}

@article{
   author = {Rolandone, Frédérique and Dreger, D and Murray, M and Bürgmann, R},
   title = {Coseismic slip distribution of the 2003 Mw 6.6 San Simeon earthquake, California, determined from GPS measurements and seismic waveform data},
   journal = {Geophysical research letters},
   volume = {33},
   number = {16},
   pages = {L16315},
   year = {2006}
}

@article{
   author = {Romano, F and Piatanesi, A and Lorito, S and D'Agostino, N and Hirata, K and Atzori, S and Yamazaki, Y and Cocco, M},
   title = {Clues from joint inversion of tsunami and geodetic data of the 2011 Tohoku-oki earthquake},
   journal = {Scientific reports},
   volume = {2},
   year = {2012}
}

@article{
   author = {Ruina, Andy},
   title = {Slip instability and state variable friction laws},
   journal = {Journal of Geophysical Research},
   volume = {88},
   number = {B12},
   pages = {10359-10,370},
   year = {1983}
}

@article{
   author = {Rydelek, Paul and Horiuchi, Shigeki},
   title = {Earth science: Is earthquake rupture deterministic?},
   journal = {Nature},
   volume = {442},
   number = {7100},
   pages = {E5-E6},
   year = {2006}
}

@article{
   author = {Saastamoinen, J},
   title = {Contributions to the theory of atmospheric refraction},
   journal = {Bulletin Géodésique (1946-1975)},
   volume = {107},
   number = {1},
   pages = {13-34},
   year = {1973}
}

@article{
   author = {Sagiya, TAKESHI and Miyazaki, S and Tada, TAKASHI},
   title = {Continuous GPS array and present-day crustal deformation of Japan},
   journal = {Pure and applied Geophysics},
   volume = {157},
   number = {11-12},
   pages = {2303-2322},
   year = {2000}
}

@article{
   author = {Santamaría‐Gómez, Alvaro and Bouin, Marie‐Noëlle and Collilieux, Xavier and Wöppelmann, Guy},
   title = {Correlated errors in GPS position time series: Implications for velocity estimates},
   journal = {Journal of Geophysical Research: Solid Earth (1978–2012)},
   volume = {116},
   number = {B1},
   year = {2011}
}

@article{
   author = {Satake, Kenji and Fujii, Yushiro and Harada, Tomoya and Namegaya, Yuichi},
   title = {Time and space distribution of coseismic slip of the 2011 Tohoku earthquake as inferred from tsunami waveform data},
   journal = {Bulletin of the seismological society of America},
   volume = {103},
   number = {2B},
   pages = {1473-1492},
   year = {2013}
}

@article{
   author = {Sato, Mariko and Ishikawa, Tadashi and Ujihara, Naoto and Yoshida, Shigeru and Fujita, Masayuki and Mochizuki, Masashi and Asada, Akira},
   title = {Displacement above the hypocenter of the 2011 Tohoku-Oki earthquake},
   journal = {Science},
   volume = {332},
   number = {6036},
   pages = {1395-1395},
   year = {2011}
}

@article{
   author = {Satriano, Claudio and Kiraly, Eszter and Bernard, Pascal and Vilotte, Jean‐Pierre},
   title = {The 2012 Mw 8.6 Sumatra earthquake: Evidence of westward sequential seismic ruptures associated to the reactivation of a N‐S ocean fabric},
   journal = {Geophysical Research Letters},
   volume = {39},
   number = {15},
   year = {2012}
}

@article{
   author = {Savage, JC},
   title = {A dislocation model of strain accumulation and release at a subduction zone},
   journal = {Journal of Geophysical Research: Solid Earth (1978–2012)},
   volume = {88},
   number = {B6},
   pages = {4984-4996},
   year = {1983}
}

@article{
   author = {Savage, JC},
   title = {Equivalent strike‐slip earthquake cycles in half‐space and lithosphere‐asthenosphere earth models},
   journal = {Journal of Geophysical Research: Solid Earth (1978–2012)},
   volume = {95},
   number = {B4},
   pages = {4873-4879},
   year = {1990}
}

@article{
   author = {Savage, JC and Burford, RO},
   title = {Geodetic determination of relative plate motion in central California},
   journal = {Journal of Geophysical Research},
   volume = {78},
   number = {5},
   pages = {832-845},
   year = {1973}
}

@article{
   author = {Savage, JC and Lisowski, M},
   title = {Viscoelastic coupling model of the San Andreas fault along the big bend, southern California},
   journal = {Journal of Geophysical Research: Solid Earth (1978–2012)},
   volume = {103},
   number = {B4},
   pages = {7281-7292},
   year = {1998}
}

@article{
   author = {Savage, JC and Prescott, WH},
   title = {Asthenosphere readjustment and the earthquake cycle},
   journal = {Journal of Geophysical Research: Solid Earth (1978–2012)},
   volume = {83},
   number = {B7},
   pages = {3369-3376},
   year = {1978}
}

@article{
   author = {Schaffrin, B and Grafarend, E},
   title = {Generating classes of equivalent linear models by nuisance parameter elimination},
   journal = {Manuscripta geodaetica},
   volume = {11},
   pages = {262-271},
   year = {1986}
}

@article{
   author = {Schmidt, David A and Bürgmann, Roland},
   title = {Time‐dependent land uplift and subsidence in the Santa Clara valley, California, from a large interferometric synthetic aperture radar data set},
   journal = {Journal of Geophysical Research: Solid Earth (1978–2012)},
   volume = {108},
   number = {B9},
   year = {2003}
}

@book{
   author = {Scholz, Christopher H},
   title = {The mechanics of earthquakes and faulting},
   publisher = {Cambridge university press},
   year = {2002}
}

@article{
   author = {Schwartz, Susan Y and Rokosky, Juliana M},
   title = {Slow slip events and seismic tremor at circum‐Pacific subduction zones},
   journal = {Reviews of Geophysics},
   volume = {45},
   number = {3},
   year = {2007}
}

@book{
   author = {Segall, Paul},
   title = {Earthquake and volcano deformation},
   publisher = {Princeton University Press},
   year = {2010}
}

@article{
   author = {Segall, Paul and Desmarais, Emily K and Shelly, David and Miklius, Asta and Cervelli, Peter},
   title = {Earthquakes triggered by silent slip events on Kīlauea volcano, Hawaii},
   journal = {Nature},
   volume = {442},
   number = {7098},
   pages = {71-74},
   year = {2006}
}

@article{
   author = {Sella, Giovanni F and Dixon, Timothy H and Mao, Ailin},
   title = {REVEL: A model for recent plate velocities from space geodesy},
   journal = {Journal of Geophysical Research: Solid Earth (1978–2012)},
   volume = {107},
   number = {B4},
   pages = {ETG 11-1-ETG 11-30},
   year = {2002}
}

@article{
   author = {Sella, Giovanni F and Stein, Seth and Dixon, Timothy H and Craymer, Michael and James, Thomas S and Mazzotti, Stephane and Dokka, Roy K},
   title = {Observation of glacial isostatic adjustment in “stable” North America with GPS},
   journal = {Geophysical Research Letters},
   volume = {34},
   number = {2},
   year = {2007}
}

@article{
   author = {Shelly, David R},
   title = {Migrating tremors illuminate complex deformation beneath the seismogenic San Andreas fault},
   journal = {Nature},
   volume = {463},
   number = {7281},
   pages = {648-652},
   year = {2010}
}

@article{
   author = {Shelly, David R and Beroza, Gregory C and Ide, Satoshi and Nakamula, Sho},
   title = {Low-frequency earthquakes in Shikoku, Japan, and their relationship to episodic tremor and slip},
   journal = {Nature},
   volume = {442},
   number = {7099},
   pages = {188-191},
   year = {2006}
}

@article{
   author = {Shen, Zheng-Kang and Jackson, David D and Bob, X Ge},
   title = {Crustal deformation across and beyond the Los Angeles basin from geodetic measurements},
   journal = {Journal of Geophysical Research},
   volume = {101},
   number = {B12},
   pages = {27957-27,980},
   year = {1996}
}

@article{
   author = {Sieh, Kerry E},
   title = {Prehistoric large earthquakes produced by slip on the San Andreas fault at Pallett Creek, California},
   journal = {Journal of Geophysical Research: Solid Earth (1978–2012)},
   volume = {83},
   number = {B8},
   pages = {3907-3939},
   year = {1978}
}

@article{
   author = {Sieh, Kerry E and Jahns, Richard H},
   title = {Holocene activity of the San Andreas fault at Wallace creek, California},
   journal = {Geological Society of America Bulletin},
   volume = {95},
   number = {8},
   pages = {883-896},
   year = {1984}
}

@article{
   author = {Simons, Mark and Minson, Sarah E and Sladen, Anthony and Ortega, Francisco and Jiang, Junle and Owen, Susan E and Meng, Lingsen and Ampuero, Jean-Paul and Wei, Shengji and Chu, Risheng},
   title = {The 2011 magnitude 9.0 Tohoku-Oki earthquake: Mosaicking the megathrust from seconds to centuries},
   journal = {science},
   volume = {332},
   number = {6036},
   pages = {1421-1425},
   year = {2011}
}

@book{
   author = {Simpson, W and Richards, G},
   title = {Earthquake prediction: an international review},
   publisher = {American Geophysical Union},
   volume = {4},
   year = {1981}
}

@article{
   author = {Smalley, R and Dalziel, IWD and Bevis, MG and Kendrick, E and Stamps, DS and King, EC and Taylor, FW and Lauría, E and Zakrajsek, A and Parra, H},
   title = {Scotia arc kinematics from GPS geodesy},
   journal = {Geophysical Research Letters},
   volume = {34},
   number = {21},
   year = {2007}
}

@article{
   author = {Smalley, R and Kendrick, E and Bevis, MG and Dalziel, IWD and Taylor, F and Lauría, E and Barriga, R and Casassa, G and Olivero, E and Piana, E},
   title = {Geodetic determination of relative plate motion and crustal deformation across the Scotia‐South America plate boundary in eastern Tierra del Fuego},
   journal = {Geochemistry, Geophysics, Geosystems},
   volume = {4},
   number = {9},
   year = {2003}
}

@article{
   author = {Smith, Bridget and Sandwell, David},
   title = {A three‐dimensional semianalytic viscoelastic model for time‐dependent analyses of the earthquake cycle},
   journal = {Journal of Geophysical Research: Solid Earth (1978–2012)},
   volume = {109},
   number = {B12},
   year = {2004}
}

@article{
   author = {Smith, Bridget R and Sandwell, David T},
   title = {A model of the earthquake cycle along the San Andreas Fault System for the past 1000 years},
   journal = {Journal of Geophysical Research: Solid Earth (1978–2012)},
   volume = {111},
   number = {B1},
   year = {2006}
}

@article{
   author = {Smith, DE and Kolenkiewicz, R and Nerem, RS and Dunn, PJ and Torrence, MH and Robbins, JW and Klosko, SM and Williamson, RG and Pavlis, EC},
   title = {Contemporary global horizontal crustal motion},
   journal = {Geophysical Journal International},
   volume = {119},
   number = {2},
   pages = {511-520},
   year = {1994}
}

@article{
   author = {Smith‐Konter, Bridget and Sandwell, David},
   title = {Stress evolution of the San Andreas fault system: Recurrence interval versus locking depth},
   journal = {Geophysical Research Letters},
   volume = {36},
   number = {13},
   year = {2009}
}

@article{
   author = {Smith‐Konter, Bridget and Sandwell, David},
   title = {Stress evolution of the San Andreas fault system: Recurrence interval versus locking depth},
   journal = {Geophysical Research Letters},
   volume = {36},
   number = {13},
   year = {2009}
}

@article{
   author = {Smith‐Konter, Bridget R and Sandwell, David T and Shearer, Peter},
   title = {Locking depths estimated from geodesy and seismology along the San Andreas Fault System: Implications for seismic moment release},
   journal = {Journal of Geophysical Research: Solid Earth (1978–2012)},
   volume = {116},
   number = {B6},
   year = {2011}
}

@article{
   author = {Smyth, Andrew and Wu, Meiliang},
   title = {Multi-rate Kalman filtering for the data fusion of displacement and acceleration response measurements in dynamic system monitoring},
   journal = {Mechanical Systems and Signal Processing},
   volume = {21},
   number = {2},
   pages = {706-723},
   year = {2007}
}

@article{
   author = {Sobolev, Stephan V and Babeyko, Andrey Y and Wang, Rongjiang and Hoechner, Andreas and Galas, Roman and Rothacher, Markus and Sein, Dmitry V and Schröter, Jens and Lauterjung, Joern and Subarya, Cecep},
   title = {Tsunami early warning using GPS-Shield arrays},
   journal = {Journal of Geophysical Research},
   volume = {112},
   number = {B8},
   pages = {B08415},
   year = {2007}
}

@article{
   author = {Song, Y Tony},
   title = {Detecting tsunami genesis and scales directly from coastal GPS stations},
   journal = {Geophysical Research Letters},
   volume = {34},
   number = {19},
   pages = {L19602},
   year = {2007}
}

@article{
   author = {Song, Y Tony and Fukumori, Ichiro and Shum, CK and Yi, Yuchan},
   title = {Merging tsunamis of the 2011 Tohoku‐Oki earthquake detected over the open ocean},
   journal = {Geophysical Research Letters},
   volume = {39},
   number = {5},
   year = {2012}
}

@article{
   author = {Spiess, Fred N and Chadwell, C David and Hildebrand, John A and Young, Larry E and Purcell Jr, George H and Dragert, Herb},
   title = {Precise GPS/Acoustic positioning of seafloor reference points for tectonic studies},
   journal = {Physics of the earth and planetary interiors},
   volume = {108},
   number = {2},
   pages = {101-112},
   year = {1998}
}

@article{
   author = {Stern, Robert J},
   title = {Subduction zones},
   journal = {Reviews of geophysics},
   volume = {40},
   number = {4},
   pages = {3-1-3-38},
   year = {2002}
}

@article{
   author = {Szeliga, W and Melbourne, T and Santillan, M and Miller, M},
   title = {GPS constraints on 34 slow slip events within the Cascadia subduction zone, 1997–2005},
   journal = {Journal of Geophysical Research},
   volume = {113},
   number = {B4},
   pages = {B04404},
   year = {2008}
}

@article{
   author = {Takeuchi, Christopher S and Fialko, Yuri},
   title = {On the effects of thermally weakened ductile shear zones on postseismic deformation},
   journal = {Journal of Geophysical Research: Solid Earth},
   year = {2013}
}

@article{
   author = {Tang, Liujuan and Titov, Vasily V and Bernard, Eddie N and Wei, Yong and Chamberlin, Christopher D and Newman, Jean C and Mofjeld, Harold O and Arcas, Diego and Eble, Marie C and Moore, Christopher},
   title = {Direct energy estimation of the 2011 Japan tsunami using deep‐ocean pressure measurements},
   journal = {Journal of Geophysical Research: Oceans (1978–2012)},
   volume = {117},
   number = {C8},
   year = {2012}
}

@article{
   author = {Tapponnier, Paul and Peltzer, G and Le Dain, AY and Armijo, Roland and Cobbold, P},
   title = {Propagating extrusion tectonics in Asia: New insights from simple experiments with plasticine},
   journal = {Geology},
   volume = {10},
   number = {12},
   pages = {611-616},
   year = {1982}
}

@article{
   author = {Tapponnier, Paul and Zhiqin, Xu and Roger, Francoise and Meyer, Bertrand and Arnaud, Nicolas and Wittlinger, Gérard and Jingsui, Yang},
   title = {Oblique stepwise rise and growth of the Tibet Plateau},
   journal = {science},
   volume = {294},
   number = {5547},
   pages = {1671-1677},
   year = {2001}
}

@book{
   author = {Teunissen, Peter JG and Kleusberg, Alfred and Teunissen, PJG},
   title = {GPS for Geodesy},
   publisher = {Springer Berlin},
   volume = {2},
   year = {1998}
}

@article{
   author = {Thatcher, Wayne},
   title = {Microplate versus continuum descriptions of active tectonic deformation},
   journal = {Journal of Geophysical Research: Solid Earth},
   volume = {100},
   number = {B3},
   pages = {3885-3894},
   keywords = {8110 Tectonophysics: Continental tectonics—general
8120 Dynamics of lithosphere and mantle: general
8160 Rheology: general},
   year = {1995}
}

@article{
   author = {Thatcher, Wayne},
   title = {GPS constraints on the kinematics of continental deformation},
   journal = {International Geology Review},
   volume = {45},
   number = {3},
   pages = {191-212},
   year = {2003}
}

@article{
   author = {Thatcher, Wayne and Foulger, GR and Julian, BR and Svarc, J and Quilty, E and Bawden, GW},
   title = {Present-day deformation across the Basin and Range province, western United States},
   journal = {Science},
   volume = {283},
   number = {5408},
   pages = {1714-1718},
   year = {1999}
}

@inbook{
   author = {Titov, Vasily V and Gonzalez, Frank I and Bernard, EN and Eble, Marie C and Mofjeld, Harold O and Newman, Jean C and Venturato, Angie J},
   title = {Real-time tsunami forecasting: Challenges and solutions},
   booktitle = {Developing Tsunami-Resilient Communities},
   publisher = {Springer},
   pages = {41-58},
   year = {2005}
}

@inbook{
   author = {Titov, Vasily V and Gonzalez, Frank I and Bernard, EN and Eble, Marie C and Mofjeld, Harold O and Newman, Jean C and Venturato, Angie J},
   title = {Real-time tsunami forecasting: Challenges and solutions},
   booktitle = {Developing Tsunami-Resilient Communities},
   publisher = {Springer},
   pages = {41-58},
   year = {2005}
}

@article{
   author = {Tong, X and Sandwell, DT and Smith‐Konter, B},
   title = {High‐resolution interseismic velocity data along the San Andreas Fault from GPS and InSAR},
   journal = {Journal of Geophysical Research: Solid Earth},
   pages = {1-21},
   year = {2013}
}

@article{
   author = {Tregoning, P and Brunner, FK and Bock, Y and Puntodewo, SSO and McCaffrey, R and Genrich, JF and Calais, E and Rais, J and Subarya, C},
   title = {First geodetic measurement of convergence across the Java Trench},
   journal = {Geophysical Research Letters},
   volume = {21},
   number = {19},
   pages = {2135-2138},
   year = {1994}
}

@article{
   author = {Tregoning, P and van Dam, Tonie},
   title = {Atmospheric pressure loading corrections applied to GPS data at the observation level},
   journal = {Geophysical Research Letters},
   volume = {32},
   number = {22},
   year = {2005}
}

@article{
   author = {Tregoning, P and van Dam, Tonie},
   title = {Effects of atmospheric pressure loading and seven-parameter transformations on estimates of geocenter motion and station heights from space geodetic observations},
   journal = {Journal of geophysical research},
   volume = {110},
   number = {B3},
   pages = {B03408},
   year = {2005}
}

@article{
   author = {Tsai, Victor C and Nettles, Meredith and Ekström, Göran and Dziewonski, Adam M},
   title = {Multiple CMT source analysis of the 2004 Sumatra earthquake},
   journal = {Geophysical Research Letters},
   volume = {32},
   number = {17},
   year = {2005}
}




@article{
   author = {Tsushima, Hiroaki and Hino, Ryota and Fujimoto, Hiromi and Tanioka, Yuichiro and Imamura, Fumihiko},
   title = {Near‐field tsunami forecasting from cabled ocean bottom pressure data},
   journal = {Journal of Geophysical Research: Solid Earth (1978–2012)},
   volume = {114},
   number = {B6},
   year = {2009}
}

@article{
   author = {Tsushima, Hiroaki and Hino, Ryota and Tanioka, Yuichiro and Imamura, Fumihiko and Fujimoto, Hiromi},
   title = {Tsunami waveform inversion incorporating permanent seafloor deformation and its application to tsunami forecasting},
   journal = {Journal of Geophysical Research: Solid Earth (1978–2012)},
   volume = {117},
   number = {B3},
   year = {2012}
}

@article{
   author = {Tsushima, Hiroaki and Hirata, Kenji and Hayashi, Yutaka and Tanioka, Yuichiro and Kimura, Kazuhiro and Sakai, Shin'ichi and Shinohara, Masanao and Kanazawa, Toshihiko and Hino, Ryota and Maeda, Kenji},
   title = {Near-field tsunami forecasting using offshore tsunami data from the 2011 off the Pacific coast of Tohoku Earthquake},
   journal = {Earth, planets and space},
   volume = {63},
   number = {7},
   pages = {821-826},
   year = {2011}
}

@article{
   author = {van Dam, Tonie and Wahr, J and Milly, PCD and Shmakin, AB and Blewitt, Geoff and Lavallée, D and Larson, KM},
   title = {Crustal displacements due to continental water loading},
   journal = {Geophysical Research Letters},
   volume = {28},
   number = {4},
   pages = {651-654},
   year = {2001}
}

@article{
   author = {Vasseur, David A and Yodzis, Peter},
   title = {The color of environmental noise},
   journal = {Ecology},
   volume = {85},
   number = {4},
   pages = {1146-1152},
   year = {2004}
}

@article{
   author = {Wallace, Laura M and Beavan, John},
   title = {Diverse slow slip behavior at the Hikurangi subduction margin, New Zealand},
   journal = {Journal of Geophysical Research: Solid Earth (1978–2012)},
   volume = {115},
   number = {B12},
   year = {2010}
}

@article{
   author = {Wang, Rongjiang and Schurr, Bernd and Milkereit, Claus and Shao, Zhigang and Jin, Mingpei},
   title = {An improved automatic scheme for empirical baseline correction of digital strong-motion records},
   journal = {Bulletin of the Seismological Society of America},
   volume = {101},
   number = {5},
   pages = {2029-2044},
   year = {2011}
}

@article{
   author = {Ward, Steven N},
   title = {Pacific‐North America Plate motions: New results from very long baseline interferometry},
   journal = {Journal of Geophysical Research: Solid Earth (1978–2012)},
   volume = {95},
   number = {B13},
   pages = {21965-21981},
   year = {1990}
}

@article{
   author = {Ward, Steven N},
   title = {Landslide tsunami},
   journal = {Journal of Geophysical Research: Solid Earth (1978–2012)},
   volume = {106},
   number = {B6},
   pages = {11201-11215},
   year = {2001}
}

@article{
   author = {Ward, Steven N and Day, Simon},
   title = {Cumbre Vieja volcano—potential collapse and tsunami at La Palma, Canary Islands},
   journal = {Geophysical Research Letters},
   volume = {28},
   number = {17},
   pages = {3397-3400},
   year = {2001}
}

@article{
   author = {Wdowinski, Shimon},
   title = {Deep creep as a cause for the excess seismicity along the San Jacinto fault},
   journal = {Nature Geoscience},
   volume = {2},
   number = {12},
   pages = {882-885},
   year = {2009}
}

@article{
   author = {Wdowinski, Shimon and Bock, Yehuda and Zhang, Jie and Fang, Peng and Genrich, Joachim},
   title = {Southern California Permanent GPS Geodetic Array: Spatial filtering of daily positions for estimating coseismic and postseismic displacements induced by the 1992 Landers earthquake},
   journal = {Journal of Geophysical Research: Solid Earth (1978–2012)},
   volume = {102},
   number = {B8},
   pages = {18057-18070},
   year = {1997}
}

@article{
   author = {Wdowinski, Shimon and Smith-Konter, Bridget and Bock, Yehuda and Sandwell, David},
   title = {Diffuse interseismic deformation across the Pacific–North America plate boundary},
   journal = {Geology},
   volume = {35},
   number = {4},
   pages = {311-314},
   year = {2007}
}

@article{
   author = {Wegener, Alfred},
   title = {Die entstehung der kontinente},
   journal = {Geologische Rundschau},
   volume = {3},
   number = {4},
   pages = {276-292},
   year = {1912}
}

@book{
   author = {Wegener, Alfred},
   title = {Die entstehung der kontinente und ozeane},
   publisher = {DoverPublications. com},
   volume = {361},
   year = {1966}
}

@article{
   author = {Williams, SDP},
   title = {The effect of coloured noise on the uncertainties of rates estimated from geodetic time series},
   journal = {Journal of Geodesy},
   volume = {76},
   number = {9-10},
   pages = {483-494},
   year = {2003}
}

@article{
   author = {Williams, SDP and Penna, NT},
   title = {Non‐tidal ocean loading effects on geodetic GPS heights},
   journal = {Geophysical Research Letters},
   volume = {38},
   number = {9},
   year = {2011}
}

@article{
   author = {Williams, Simon DP},
   title = {Offsets in global positioning system time series},
   journal = {Journal of Geophysical Research: Solid Earth (1978–2012)},
   volume = {108},
   number = {B6},
   year = {2003}
}

@article{
   author = {Williams, Simon DP and Bock, Yehuda and Fang, Peng and Jamason, Paul and Nikolaidis, Rosanne M and Prawirodirdjo, Linette and Miller, Meghan and Johnson, Daniel J},
   title = {Error analysis of continuous GPS position time series},
   journal = {Journal of Geophysical Research: Solid Earth (1978–2012)},
   volume = {109},
   number = {B3},
   year = {2004}
}

@article{
   author = {Wright, Tim J and Houlié, Nicolas and Hildyard, Mark and Iwabuchi, Tetsuya},
   title = {Real‐time, reliable magnitudes for large earthquakes from 1 Hz GPS precise point positioning: The 2011 Tohoku‐Oki (Japan) earthquake},
   journal = {Geophysical research letters},
   volume = {39},
   number = {12},
   year = {2012}
}

@article{
   author = {Wu, Yih-Min and Teng, Ta-liang},
   title = {A virtual subnetwork approach to earthquake early warning},
   journal = {Bulletin of the Seismological Society of America},
   volume = {92},
   number = {5},
   pages = {2008-2018},
   year = {2002}
}

@article{
   author = {Wu, Yih-Min and Wu, Chien-Fu},
   title = {Approximate recovery of coseismic deformation from Taiwan strong-motion records},
   journal = {Journal of seismology},
   volume = {11},
   number = {2},
   pages = {159-170},
   year = {2007}
}

@article{
   author = {Wu, Yih‐Min and Zhao, Li},
   title = {Magnitude estimation using the first three seconds P‐wave amplitude in earthquake early warning},
   journal = {Geophysical Research Letters},
   volume = {33},
   number = {16},
   year = {2006}
}

@inproceedings{
   author = {Wübbena, G},
   title = {Software developments for geodetic positioning with GPS using TI-4100 code and carrier measurements},
   booktitle = {Proceedings of the First International Symposium on Precise Positioning with the Global Positioning System},
   publisher = {sl]:[sn]},
   volume = {19},

}

@article{
   author = {Wyatt, Frank},
   title = {Displacement of surface monuments: horizontal motion},
   journal = {Journal of Geophysical Research: Solid Earth (1978–2012)},
   volume = {87},
   number = {B2},
   pages = {979-989},
   year = {1982}
}

@article{
   author = {Wyatt, Frank K},
   title = {Displacement of surface monuments: Vertical motion},
   journal = {Journal of Geophysical Research: Solid Earth (1978–2012)},
   volume = {94},
   number = {B2},
   pages = {1655-1664},
   year = {1989}
}

@article{
   author = {Yang, Wenzheng and Hauksson, Egill},
   title = {The tectonic crustal stress field and style of faulting along the Pacific North America Plate boundary in Southern California},
   journal = {Geophysical Journal International},
   volume = {194},
   number = {1},
   pages = {100-117},
   year = {2013}
}

@article{
   author = {Zhang, Jie and Bock, Yehuda and Johnson, Hadley and Fang, Peng and Williams, Simon and Genrich, Joachim and Wdowinski, Shimon and Behr, Jeff},
   title = {Southern California Permanent GPS Geodetic Array: Error analysis of daily position estimates and site velocities},
   journal = {Journal of Geophysical Research},
   volume = {102},
   number = {B8},
   pages = {18035-18,055},
   year = {1997}
}

@article{
   author = {Zoback, Mary Lou},
   title = {First‐and second‐order patterns of stress in the lithosphere: The world stress map project},
   journal = {Journal of Geophysical Research: Solid Earth (1978–2012)},
   volume = {97},
   number = {B8},
   pages = {11703-11728},
   year = {1992}
}

@article{
   author = {Zollo, Aldo and Lancieri, Maria and Nielsen, Stefan},
   title = {Earthquake magnitude estimation from peak amplitudes of very early seismic signals on strong motion records},
   journal = {Geophysical Research Letters},
   volume = {33},
   number = {23},
   year = {2006}
}

